3785 5187
707 346 1132 456 HlERONYMI
1169 393 1437 455 RHODII
1473 389 2010 454 PERIPATETICI
2047 387 2518 453 FRAGMENTA
2874 393 2942 458 31

270 582 559 656 eoronam
602 614 861 656 auream
906 614 1045 655 eum
1090 583 1166 654 eit:
1210 613 1355 654 aree
1402 589 1722 654 Athenaei
1762 586 2222 672 perdidissent,
2297 586 2467 670 Soph
2475 585 2636 650 ecles
2685 583 2960 668 traqicus

267 713 629 776 somniando
674 712 1046 777 redinvenit.
1127 712 1437 777 Mutatam
1480 716 1674 792 atque
1712 715 2085 775 exornatam
2132 708 2391 774 fabulae
2437 707 2702 772 formam
2723 704 2960 790 ‚Cicero

269 833 527 898 exhibet
569 831 651 898 de
696 832 893 898 divin.
933 831 965 896 I
998 835 1113 914 255,
1141 836 1222 895 54
1269 832 1380 916 qui
1418 853 1557 894 cum
1602 853 1677 894 ex
1722 831 1875 894 aede
1904 829 2210 898 Herculis
2242 836 2477 913 patera
2506 849 2700 892 aurea
2741 825 2956 910 qravis

268 961 561 1036 surrepta
604 961 782 1034 esset,
834 954 901 1016 in
945 952 1176 1016 somnis
1218 951 1376 1016 vidit
1418 952 1622 1034 ipsum
1652 953 1833 1016 deum
1863 950 2168 1018 dicentem
2199 949 2310 1034 qui
2333 949 2406 1012 id
2423 947 2715 1034 feciseet.
2795 947 2965 1030 quod

268 1075 460 1138 semel
498 1074 609 1138 ille
650 1073 997 1158 iterumque
1038 1073 1337 1155 neylexit.
1424 1072 1535 1136 ubi
1572 1072 1737 1136 idem
1776 1071 2046 1156 caepim,
2101 1070 2382 1134 aseendit
2424 1069 2493 1132 in
2538 1067 2950 1152 Ariopaqum‚

270 1195 498 1258 detulit
546 1216 699 1258 rem.
795 1193 1213 1279 Ariopayitae
1270 1175 1711 1276 comprehendi
1760 1192 1975 1256 iubent
2031 1213 2170 1256 eum
2229 1190 2341 1275 qui
2384 1214 2425 1255 a
2467 1187 2780 1272 Sophocle
2823 1196 2963 1251 erat
3000 1247 3005 1252 .

268 1316 625 1380 nominatus
644 1343 670 1390 ;
715 1314 771 1378 is
816 1315 1173 1399 quaestione
1214 1314 1499 1379 adhibita
1543 1315 1863 1400 confessus
1908 1321 2002 1377 est
2033 1287 2454 1395 pateramque
2491 1306 2759 1373 rettulit.
2841 1331 2958 1392 quo

250 1439 445 1522 facto
470 1437 713 1522 fanum
758 1436 925 1500 illud
956 1435 1180 1499 indicis
1210 1433 1517 1506 Herculis
1560 1432 1944 1498 nominatum
1991 1441 2105 1498 est.
2186 1431 2542 1497 Diversitas
2573 1428 2960 1496 narrationis

270 1557 541 1622 fortasse
596 1556 724 1640 ipsi
771 1554 1060 1622 Ciceroni
1116 1554 1457 1621 tribuenda
1513 1561 1613 1620 est
1664 1574 1798 1619 rem
1859 1574 1941 1620 ex
1998 1553 2244 1619 Graeco
2299 1552 2461 1618 libro
2517 1550 2956 1648 depromptam

270 1677 535 1742 liberius
577 1676 876 1741 tractanti
943 1676 1248 1759 (Dettmer
1300 1675 1381 1741 de
1426 1676 1699 1741 Hercule
1742 1675 1875 1740 Att.
1925 1697 1992 1760 p.
2035 1678 2176 1759 14);
2239 1672 2322 1739 de
2366 1670 2963 1750 commemoratione

268 1797 593 1881 Areopagi
637 1797 719 1864 ef.
760 1798 959 1863 Meier
1004 1803 1068 1862 et
1111 1796 1511 1862 Schoemann
1557 1797 1671 1860 der
1700 1803 1815 1860 att.
1855 1799 2120 1860 Preces-s·
2164 1773 2414 1880 p.'306,
2454 1796 2560 1857 42.
2644 1791 2720 1857 Id
2763 1812 2959 1856 unum

268 1918 752 1984 memorabilius
796 1916 1003 1983 videri
1048 1924 1288 2002 potest,
1354 1917 1524 2002 quod
1569 1916 1793 1983 Cicero
1854 1917 2162 2001 templum
2207 1921 2418 2003 aetate
2464 1913 2797 1998 Sophoclis
2842 1933 2964 1976 an—

266 2039 511 2122 tiquius
556 2038 756 2104 fuisse
800 2045 1038 2103 narrat.
2413 2049 2418 2053 ·

362 2281 611 2344 XXIX.
649 2279 902 2345 Philod.
932 2278 1013 2344 de
1037 2279 1197 2344 rhet.
1214 2280 1303 2343 IV
1324 2283 1361 2341 2
1387 2279 1508 2344 col.
1541 2282 1617 2344 16

260 2396 627 2487 Ἱερώνυμος
659 2401 726 2464 δέ
756 2425 961 2487 φησιν,
996 2395 1337 2486 ἀναγνῶναι
1370 2399 1476 2484 μὲν
1502 2395 1617 2465 αι’)-

269 2527 379 2586 τοῦ
424 2521 764 2606 (Isocratis)
811 2518 946 2595 τοὺς
978 2516 1243 2620 λόγους.
1288 2569 1299 2583 .
1345 2569 1358 2582 .
1399 2570 1413 2584 .
1477 2522 1618 2608 (ῥα-

271 2643 413 2716 δίως
441 2645 656 2727 suppl.
682 2642 784 2708 ed.
807 2643 1043 2727 Neap.)
1071 2637 1441 2728 δυνήσεσθαί
1460 2668 1612 2723 τινα,

272 2767 700 2850 δημηγορῆσαι
748 2763 813 2827 δὲ
857 2760 962 2848 την
1010 2757 1215 2849 φωνην
1247 2760 1347 2826 καὶ
1377 2760 1475 2828 τὸν
1507 2759 1618 2828 τό-

272 2909 373 2949 νον
428 2885 753 2971 ἐπαίροντα
813 2883 914 2948 καὶ
962 2888 1022 2949 ἐν
1068 2879 1255 2970 ταύτῃ
1302 2888 1375 2970 τῇ
1422 2908 1615 2948 κατα-

274 3010 459 3091 σκευῇ
492 3001 640 3088 μετὰ
672 3010 777 3090 τῆς
811 3000 1219 3091 ἁρμοττούσης
1252 3000 1617 3091 ὑποκρίσεως

268 3126 459 3189 εἰπεῖν
486 3122 556 3189 ού
579 3128 918 3198 παντελῶς·
969 3121 1035 3189 τὸ
1060 3122 1176 3211 γὰρ
1209 3126 1482 3212 μέγιστον
1513 3126 1617 3190 καὶ

268 3242 732 3331 κινητικώτατον
798 3247 1129 3331 παρεῖσθαι
1193 3253 1309 3311 τῶν
1376 3240 1573 3332 ὄχλων
1598 3267 1611 3281 ·

270 3360 508 3453 ἄψυχον
540 3363 657 3454 γὰρ
689 3363 873 3432 αὐτοῦ
903 3365 1006 3431 καὶ
1039 3362 1484 3432 ἀνυπάκουστον
1516 3366 1615 3431 εἷ-
1645 3398 1654 3407 ·

269 3513 373 3553 ναι
416 3484 523 3573 τήν
571 3488 725 3558 λέξιν
773 3487 875 3551 καὶ
922 3486 1105 3552 οἱονεὶ
1136 3483 1283 3574 πρὸς
1313 3489 1419 3552 ἕνα
1447 3482 1615 3552 τόνον

271 3610 725 3694 πεποιημένην·
798 3604 864 3673 τὸ
926 3607 992 3673 δὲ
1050 3610 1453 3693 κεκλασμένον
1514 3608 1616 3673 καὶ

271 3725 654 3794 παντοδαπὸν
701 3726 801 3793 καὶ
847 3724 1113 3794 ἐπιτάσει
1159 3753 1222 3793 τε
1268 3729 1369 3794 καὶ
1415 3726 1618 3794 ἀνέσει

270 3850 376 3915 καὶ
400 3852 531 3922 ταῖς
553 3850 921 3934 παθητικαῖς
948 3846 1305 3936 ὑπερθέσεσι
1328 3853 1612 3935 διειλημ-

272 3970 450 4055 μένον
492 3967 1031 4056 ἀποβεβληκέναι,
1096 3976 1169 4057 τῇ
1229 3969 1295 4034 δὲ
1358 3967 1619 4056 λειότητι

270 4087 375 4154 διὰ
418 4086 635 4163 παντὸς
683 4087 1009 4156 δουλεύειν.
1076 4166 1081 4174 ¹

1764 2279 2001 2345 ·Dion.
2064 2279 2212 2344 Hal.
2280 2277 2362 2343 de
2422 2230 2617 2343 leocr.
2681 2275 2815 2341 iud.
2884 2279 2960 2338 13

1710 2395 2072 2486 Ἱερώνυμος
2131 2398 2199 2463 δὲ
2268 2395 2299 2463 ‘o
2359 2393 2688 2484 φιλόσοφός
2748 2421 2952 2484 φησιν,

1726 2516 2058 2607 ἀναγνῶναι
2127 2519 2230 2607 μὲν
2300 2512 2372 2585 ἄν
2431 2543 2565 2583 τινα
2627 2519 2961 2604 δυνηθῆναι

1723 2638 1858 2714 τοὺς
1919 2638 2130 2730 λόγους
2187 2638 2372 2707 αὐτοῦ
2431 2643 2668 2722 καλῶς,
2751 2643 2962 2725 δημη-

1722 2766 1982 2850 γορῆσαι
2038 2762 2104 2829 δὲ
2157 2759 2263 2849 τήν
2321 2786 2385 2826 τε
2438 2758 2641 2849 φωνὴν
2704 2760 2805 2825 καὶ
2862 2756 2960 2825 τὸν

1722 2880 1890 2948 τόνον
1961 2880 2265 2971 ἐπάραντα
2332 2883 2435 2947 καὶ
2502 2886 2564 2948 ἐν
2630 2877 2816 2968 ταύτῃ
2887 2885 2996 2969 τῇ

1721 3009 2067 3091 κατασκευῇ
2144 3000 2291 3090 μετὰ
2366 3008 2471 3088 τῆς
2549 2998 2958 3090 ἁρμοττούσης

1722 3121 2092 3213 ὑποκρίσεως
2137 3126 2320 3190 εἰπεῖν
2368 3120 2440 3188 ού
2483 3126 2781 3196 παντελῶς
2801 3144 2815 3159 ·
2893 3120 2959 3188 τὸ

1719 3243 1834 3334 γὰρ
1882 3247 2155 3332 μέγιστον
2200 3245 2302 3311 καὶ
2348 3240 2802 3329 κινητικώτατον
2847 3248 2964 3308 τῶν

1721 3360 1920 3454 ὄχλων
1977 3368 2436 3455 παραιτεῖσθαι,
2501 3362 2566 3430 τὸ
2625 3361 2959 3451 παθητικὸν

1722 3487 1822 3551 καὶ
1868 3489 2171 3577 ἔμψυχον·
2249 3483 2551 3552 δουλεύειν
2609 3483 2723 3574 γὰρ
2780 3483 2956 3551 αὐτὸν

1721 3613 1793 3694 τῇ
1841 3604 2102 3695 λειότητι
2147 3606 2249 3674 διὰ
2292 3604 2510 3681 παντός
2536 3632 2548 3643 ·
2620 3603 2685 3672 τὸ
2732 3606 2799 3671 δὲ
2842 3631 2952 3670 κε-

1723 3731 2019 3816 κραμένον
2087 3729 2188 3795 καὶ
2253 3723 2629 3795 παντοδαπὸν
2690 3724 2959 3794 ἐπιτάσει

1723 3876 1784 3915 τε
1844 3850 1946 3915 καὶ
2009 3848 2210 3916 ἀνέσει
2262 3850 2365 3915 καὶ
2409 3845 2474 3915 τὸ
2518 3852 2649 3923 ταῖς
2692 3851 2958 3934 παθητι-

1722 3974 1857 4044 καῖς
1918 3968 2241 4046 ὑποθέσεσι
2297 3972 2716 4057 διειλημμένον
2773 3966 2958 4057 ὑπερ-

1728 4094 2071 4179 βεβηκέναι.

445 4210 629 4287 Quae
659 4210 787 4275 iam
821 4219 1171 4295 sequuntur
1203 4211 1375 4297 apud
1406 4212 1783 4297 Dionysium
1822 4233 1953 4278 non
1982 4220 2270 4279 exstant:
2323 4218 2634 4301 τοιγαροῦν
2667 4208 2962 4301 <εὐ>ανά-

271 4356 532 4418 γνωστον
582 4330 685 4417 μὲν
732 4331 887 4397 εἶναι
934 4336 1138 4419 φωνῆς
1180 4330 1537 4421 ὑφειμένης,
1588 4335 1953 4420 ἐπαρθείσης
2000 4333 2066 4399 δὲ
2112 4329 2283 4423 (μή),
2336 4331 2446 4400 κάν
2493 4336 2621 4407 ταῖς
2664 4330 2961 4421 περιόδοις

272 4451 375 4517 καὶ
420 4448 905 4540 π<ερι>ειλοὺσαν
975 4454 1085 4536 (ita
1132 4454 1353 4538 Blass‚
1423 4451 1880 4543 <προ>ειλοὺσαν
1941 4455 2044 4519 ed.
2095 4455 2328 4539 Neap.)
2395 4451 2494 4519 τὸν
2553 4456 2802 4540 λέγοντα
2860 4452 2961 4519 καὶ

273 4568 376 4658 την
426 4568 729 4658 ὑπόκρισιν
762 4568 1215 4660 ἀφαιρουμένην
1258 4571 1724 4662 (ἀφαιρουμενου
1769 4576 1992 4657 codex,
2046 4595 2169 4641 em.
2208 4575 2543 4659 Spengel),
2596 4575 2697 4640 καὶ
2744 4572 2958 4662 σχεδὸν

268 4693 542 4761 ἐναντίαν
600 4698 671 4779 τῇ
734 4698 852 4757 τῶν
909 4696 1254 4759 πολιτικῶν.
1347 4693 1511 4785 (τὸ>ν
1590 4692 1796 4784 ((τῶ>ν
1864 4696 1968 4762 ed.
2044 4696 2276 4780 Neap.)
2353 4695 2419 4759 δὲ
2483 4697 2959 4781 πολιτευομένων

266 4812 738 4899 ἐπιστατήσοντα
800 4816 924 4879 δεῖν
982 4813 1084 4879 καὶ
1149 4813 1560 4903 δημηγορικὴν
1627 4812 2149 4905 κα<τα>κεχύσθαι
2225 4812 2791 4905 (κα<τεγ>κεχύσθαι
2849 4816 2954 4883 ed.
