3785 5187
700 378 1123 434 HIERONYMI
1158 377 1424 432 RHODII
1460 372 1997 431 PERIPATETICI
2034 367 2506 430 FRAGMENTA
2914 375 2951 433 5

267 573 597 640 teticorum
645 589 809 653 quae
854 569 1025 633 inest
1066 569 1133 633 in
1179 569 1315 634 vita
1344 568 1732 650 Menagiana
1762 587 1978 633 eorum
2010 572 2255 631 tantum
2289 563 2577 629 ordinem
2625 561 2968 645 diligenter

270 686 590 759 servatum
634 689 929 766 videmus
983 689 1094 772 qui
1136 688 1544 755 Aristotelem
1606 695 1671 754 et
1713 687 2228 772 Theophrastum
2288 685 2354 750 in
2415 683 2726 767 regimine
2771 681 2968 767 Lycei

273 813 474 880 secuti
519 817 699 878 sunt:
752 809 964 875 minus
1009 816 1305 875 accurate
1334 809 1595 875 nomina
1640 829 1880 889 eorum,
1934 807 2045 891 qui
2090 807 2256 872 sicut
2301 805 2732 889 Hieronymus
2777 823 2970 888 sepa-

274 935 455 999 ratim
502 933 759 998 scholas
820 931 1201 1012 habuerunt,
1255 930 1487 996 ceteris
1535 949 1680 996 esse
1722 927 2104 1012 interposita
2160 948 2286 992 non
2333 931 2434 992 cst
2488 945 2600 989 cur
2643 924 2965 989 miremur.
3086 923 3094 931 ’

276 1053 491 1119 Facile
552 1053 746 1119 etiam
804 1050 1122 1116 Athenaei
1200 1071 1373 1116 error
1431 1049 1743 1136 explicari
1798 1054 2042 1134 potest,
2112 1047 2221 1131 qui
2278 1067 2421 1111 cum
2481 1045 2969 1131 peripateticum
3083 1084 3088 1088 -

275 1175 473 1240 fuisse
526 1174 983 1256 Hieronymum
1043 1178 1261 1236 notum
1324 1177 1499 1236 esset
1541 1168 1909 1236 Aristotelis
1971 1168 2356 1253 discipulum
2417 1187 2562 1233 eum
2621 1168 2970 1251 neglegen-

275 1296 400 1360 tius
444 1294 802 1380 appellavit
856 1293 1106 1376 (fragm.
1156 1293 1305 1376 111).
1398 1293 1500 1356 Ita
1563 1277 1733 1356 enim
1791 1297 1966 1356 recte
2025 1289 2105 1354 de
2164 1289 2288 1354 hac
2345 1309 2413 1354 re
2459 1264 2761 1354 statuisse
2817 1287 2975 1352 mihi

276 1415 529 1482 videtur
572 1415 829 1480 Ionsius
884 1413 982 1497 (de
1029 1413 1273 1497 scriptt.
1328 1412 1477 1477 hist.
1530 1411 1767 1496 philos.
1816 1411 1881 1474 H
1915 1413 1977 1490 3,
2029 1413 2119 1493 6),
2170 1430 2379 1493 neque
2425 1408 2701 1473 Luzacio
2747 1428 2975 1474 assen-

278 1537 398 1606 tior
436 1534 830 1621 Ἀριστοξένου
875 1523 988 1618 pro
1026 1530 1466 1620 Ἀριστοτέλους
1511 1531 1685 1616 apud
1731 1530 2135 1596 Athenaeum
2180 1530 2525 1613 legendum
2570 1547 2716 1595 esse
2761 1529 2977 1614 suspi-

281 1657 451 1722 canti
517 1657 709 1738 (lectt.
769 1655 901 1720 Att.
966 1676 1031 1738 p.
1102 1657 1287 1737 199),
1352 1652 1728 1738 praesertim
1788 1672 1931 1717 cum
2007 1649 2454 1736 philosophiae
2513 1649 2974 1716 Aristoxeneae

280 1779 573 1842 alumnos
618 1775 822 1841 fuisse
866 1776 1043 1840 nullo
1089 1774 1260 1858 quod
1292 1775 1505 1840 'sciam
1549 1773 1911 1839 testimonio
1957 1773 2396 1851 confirmetur3
2450 1790 2712 1855 prorsus
2756 1749 2971 1836 autem

280 1898 491 1963 futilia
535 1915 679 1962 esse
722 1916 890 1978 quae
937 1894 1251 1960 Luzacius
1311 1895 1527 1961 attulit
1581 1901 1652 1960 ut
1695 1894 2147 1970 Aristoxenum
2195 1900 2258 1958 et
2301 1892 2760 1976 Hieronymum
2806 1891 2977 1958 idem

282 2005 775 2102 philosophandi
834 2034 1037 2098 genus
1084 2014 1387 2104 habuisse
1433 2015 1800 2081 ostenderet
1864 2017 1950 2098 (p.
2017 2013 2410 2095 211—215)‚
2476 2012 2668 2078 facile
2722 2012 2982 2077 intelle-

281 2139 469 2223 gitur.
541 2175 624 2185 —
683 2138 1071 2220 Impugnata
1127 2155 1272 2201 esse
1327 2135 1624 2201 videntur
1682 2135 2054 2220 Hieronymi
2111 2133 2350 2219 placita
2407 2153 2448 2196 a
2501 2133 2759 2199 Zenone
2819 2134 2984 2197 Tar-

290 2259 485 2341 sensi,
538 2263 609 2323 ut
651 2256 1067 2342 probabiliter
1126 2256 1396 2321 coniecit
1454 2254 1925 2339 Comparettius
1981 2254 2243 2338 (Papira
2291 2255 2512 2319 Ercol.
2547 2253 2710 2317 ined.
2751 2274 2817 2338 p.
2871 2257 2975 2337 76,

286 2380 409 2444 col.
462 2382 543 2443 48
588 2377 692 2444 καὶ
734 2378 908 2442 πέντε
950 2373 1097 2463 πρὸς
1130 2371 1605 2464 Ἱερώ<νυ>μ(ον>
1637 2373 1738 2440 καὶ
1784 2377 1864 2440 Φ.
1909 2426 1922 2439 .
1966 2425 1980 2438 .
2024 2378 2094 2458 ..)

462 2499 794 2565 Librorum
854 2504 1066 2564 autem
1127 2497 1502 2582 Hieronymi
1560 2496 2006 2581 inscriptiones
2079 2516 2240 2579 quas
2297 2495 2593 2562 novimus
2650 2501 2797 2560 sunt
2852 2491 2986 2581 περὶ

289 2625 515 2709 ἐποχῆς
570 2621 668 2700 (fr.
719 2622 799 2704 I),
852 2618 987 2707 περὶ
1036 2620 1225 2704 μέθης
1279 2620 1377 2701 (fr.
1428 2620 1513 2683 H.
1550 2619 1698 2703 HI),
1751 2617 1886 2705 περὶ
1931 2622 2194 2703 ποιητῶν
2249 2618 2350 2701 (fr.
2399 2618 2510 2683 IV.
2549 2620 2654 2701 V),
2707 2613 2985 2702 ὑπομνή-

293 2768 451 2829 ματα
506 2742 604 2825 (fr.
655 2741 980 2824 VI—IX)‚
1034 2740 1343 2805 ἐπιστολαί
1399 2740 1494 2820 (fr.
1530 2740 1615 2821 X,
1654 2739 1735 2804 cf.
1773 2738 1982 2823 adn.).
2075 2740 2151 2803 In
2194 2739 2357 2805 libro
2402 2737 2500 2803 de
2544 2737 2986 2804 retinendo

288 2874 425 2929 a‘ss
446 2882 641 2928 611811
717 2861 1033 2927 Arcesilai
1107 2861 1349 2945 placita
1414 2860 1841 2945 Hieronymus
1919 2878 2328 2944 oppugnasse
2409 2859 2771 2925 censendus
2850 2865 2986 2924 est:

297 3006 362 3049 v.
412 2986 628 3049 Luzac
670 3003 735 3067 p.
775 2986 922 3046 210.
1017 2982 1127 3046 De
1173 2982 1583 3047 ebrietate
1629 2988 1777 3046 ante
1809 3000 1955 3045 eum
1987 2980 2377 3066 scripserant
2404 2980 2782 3046 Aristoteles
2815 2980 2992 3045 eius-

293 3125 418 3188 que
465 3102 774 3188 discipuli
818 3102 1300 3187 Theophrastus
1347 3108 1411 3167 et
1454 3100 1846 3166 Chamaeleo
1903 3101 2313 3187 (cll-Koepke
2359 3101 2441 3166 de
2485 3101 2821 3167 Chamael.
2859 3102 2994 3168 vita

290 3225 719 3308 librorumque
778 3224 919 3289 rell.
982 3244 1047 3306 p.
1101 3224 1239 3305 42).
1334 3223 1419 3287 Hi
1463 3241 1683 3287 omnes
1727 3221 1793 3285 in
1842 3223 2172 3288 tractando
2218 3229 2592 3306 argumento
2639 3223 2774 3288 fere
2840 3242 2993 3286 con-

296 3346 580 3431 spirasse
627 3345 961 3409 videntur:
1010 3343 1423 3436 illustrabant
1464 3348 1813 3427 praecepta
1855 3341 1942 3407 ad
1984 3363 2170 3409 usum
2218 3343 2349 3408 vini
2388 3343 2745 3427 spectantia
2775 3363 2996 3409 exem-

294 3466 423 3551 plis
486 3486 566 3530 ex
624 3464 890 3529 historia
947 3464 1164 3547 petitis
1237 3463 1561 3546 variisque
1623 3483 1867 3528 morum
1929 3463 2458 3548 descriptionibus
2529 3485 2605 3530 ac
2662 3471 2995 3549 poetarum

294 3587 476 3651 locis.
546 3585 645 3651 cf.
682 3584 957 3669 Koepke
994 3607 1059 3669 p.
1104 3586 1183 3647 39
1216 3603 1355 3666 sqq.
1436 3585 1604 3649 Rose
1635 3583 1898 3649 Aristot.
1934 3585 2344 3669 pseudepigr.
2380 3606 2445 3669 p.
2489 3588 2633 3649 116.
2714 3586 2994 3670 Scripto-

298 3727 433 3771 rem
492 3705 795 3771 librorum
857 3705 951 3769 de
1009 3703 1317 3787 poetis,
1388 3704 1569 3769 cuius
1643 3705 1853 3788 patria
1922 3725 2049 3769 non
2120 3705 2457 3787 indicatur,
2535 3706 2994 3792 Hieronymum

302 3826 694 3892 Cardianum
756 3825 955 3891 fuisse
1016 3823 1337 3889 sententia
1396 3830 1495 3889 est
1551 3825 1942 3890 Volkmanni
2000 3826 2086 3891 ad
2143 3826 2311 3891 Plut.
2376 3824 2457 3890 (16
2516 3847 2680 3892 111118.
2744 3849 2806 3912 p.
2871 3830 2989 3907 59;

304 3947 423 4012 sed
466 3953 635 4019 recte
680 3944 809 4009 iam
857 3945 1109 4010 Ionsius
1156 3943 1241 4009 ad
1285 3944 1604 4009 Rhodium
1651 3965 1759 4011 eos
1817 3946 2081 4027 rettulit,
2145 3946 2324 4011 cuius
2377 3946 2731 4012 studiorum
2776 3948 3000 4032 generi
3121 3974 3134 3985 ·

304 4073 755 4150 argumentum
800 4066 966 4130 illud
1024 4065 1263 4150 optime
1327 4066 1641 4130 convenit.
1737 4066 1836 4131 De
1896 4067 2019 4131 hac
2062 4086 2314 4149 quoque
2359 4067 2627 4133 materia
2675 4068 2804 4133 iam
2849 4076 2999 4135 ante

304 4188 766 4271 Hieronymum
812 4186 1169 4269 complures
1203 4186 1608 4270 peripatetici
1638 4193 1984 4271 praeeunte
2017 4187 2325 4269 magistro
2369 4188 2800 4272 peculiaribus
2845 4210 3000 4274 ope—

308 4309 489 4373 ribus
533 4307 1049 4390 disputaverant:
1121 4325 1183 4371 ν.
1252 4307 1524 4389 Koepke
1582 4327 1647 4391 p.
1703 4311 1777 4370 10
1811 4326 1949 4390 sqq.
2015 4308 2184 4373 Rose
2237 4329 2303 4392 p.
2356 4310 2459 4371 80.
2575 4308 3000 4394 Hieronymus

308 4428 601 4512 pluribus
657 4426 1086 4492 voluminibus
1152 4447 1293 4491 eam
1354 4426 1671 4508 tractavit,
1725 4447 1759 4491 6
1818 4428 2051 4510 quibus
2104 4428 2394 4510 quintum
2452 4428 2825 4513 inscriptum
2885 4429 3006 4496 fuit

308 4546 446 4634 περὶ
492 4548 871 4633 κιθαρῳδῶν,
923 4546 1101 4612 aliud
1130 4546 1263 4633 περὶ
1307 4549 1768 4633 τραγῳδοποιῶν
1812 4548 1912 4629 (cf.
1951 4548 2287 4614 Fabricius
2318 4548 2487 4613 Bibl.
2533 4546 2644 4612 Gr.
2679 4550 2744 4613 II
2774 4572 2840 4634 p.
2880 4554 3003 4616 306

307 4669 413 4734 6(1.
466 4668 749 4749 Harles)‚
802 4666 912 4731 ubi
958 4667 1152 4732 etiam
1216 4668 1297 4733 de
1360 4666 1632 4751 singulis
1676 4668 2059 4751 tragicorum
2120 4668 2357 4734 fabulis
2418 4688 2564 4733 eum
2622 4669 3006 4736 disseruisse

309 4788 393 4854 fr.
444 4789 521 4853 V.
574 4787 778 4855 docet.
872 4788 1045 4874 Hyp
1064 4795 1594 4855 omnematum
1638 4788 2014 4874 Hieronymi
2058 4788 2219 4854 duas
2278 4789 2573 4855 novimus
2617 4791 3006 4877 appellatio-
