3785 5187
774 297 812 359 6
894 365 899 369 .
1926 298 1988 353 Ε.
2031 299 2312 356 HILLER

770 503 921 564 nes3
983 485 1085 551 bis
1130 486 1299 552 enim
1345 489 1426 553 ab
1473 488 1817 554 Athenaeo·
1853 498 2424 556 commemorantur
2469 492 2841 577 Hieronymi
2890 495 3054 558 ἱστο
3077 491 3261 580 ρικὰ
3307 490 3460 560 ὃπο-

774 602 1054 692 μνήματα
1110 607 1209 689 (fr.
1259 608 1366 673 VI.
1421 610 1591 690 VII),
1644 609 1743 674 bis
1788 631 1828 674 a
1873 611 2126 676 Laertio
2173 615 2290 676 τῶν
2338 609 2736 700 σποράδην
2794 609 3232 699 ὑπομνημάτων
3291 612 3356 680 τὸ
3405 615 3458 701 β’

780 728 878 813 (fr.
929 729 1046 792 IX.
1098 729 1229 812 X):
1293 729 1613 814 pertinent
1673 737 1891 798 autem
1938 733 2257 798 Athenaei
2314 734 2438 799 loci
2492 735 2578 800 ad
2632 735 2970 820 Sophoclis
3025 743 3090 802 et
3133 737 3462 821 Euripidis

773 869 1049 933 amore&
1104 850 1345 917 Laertii
1390 851 1477 917 ad
1519 851 1851 917 historiam
1896 853 2439 938 philosophorum.
2535 855 2652 920 His
2697 856 2904 922 titulis
2938 878 3130 922 unum
3161 857 3462 940 idemque

772 989 932 1055 opus
970 971 1341 1055 'significari
1400 972 1761 1038 coniectura
1816 982 1915 1039 est
1973 974 2148 1049 haud
2189 974 2634 1058 improbabilis
2678 977 2794 1041 illa
2838 978 3131 1061 quidem,
3198 978 3461 1042 minime

770 1099 987 1158 tamen
1033 1099 1239 1171 certa3
1292 1092 1446 1175 quid
1491 1093 1659 1158 enim
1705 1095 1916 1160 obstat
1958 1115 2080 1178 quo
2127 1096 2334 1160 minus
2364 1096 2825 1180 Hieronymum
2870 1097 3034 1163 duas
3081 1118 3290 1163 rerum
3321 1119 3461 1163 me—

773 1213 1174 1279 morabilium
1221 1214 1627 1280 collectiones
1674 1214 1948 1280 diversis
1991 1215 2198 1281 titulis
2241 1215 2650 1301 inscripsisse
2696 1225 3038 1303 putemus?
3105 1219 3204 1284 Of.
3244 1220 3458 1283 Luzac

774 1357 839 1420 p.
878 1337 1026 1399 228.
1078 1335 1332 1401 Clinton
1363 1337 1541 1402 Fast.
1577 1336 1749 1401 Hell.
1787 1337 1886 1400 III
1931 1359 1990 1420 p.
2040 1340 2134 1400 19.
2190 1337 2465 1423 Mueller
2494 1338 2727 1422 fragm.
2764 1340 2915 1404 hist.
2955 1340 3064 1404 Gr.
3102 1341 3169 1405 II
3197 1362 3262 1424 p.
3301 1343 3451 1403 271.

698 1427 708 1440 ⁵
774 1456 1013 1521 Maiore
1044 1456 1238 1522 etiam
1271 1476 1414 1520 cum
1444 1456 1930 1540 inscriptionum
1961 1457 2274 1523 varietate
2305 1459 2672 1526 Aristoxeni
2716 1461 3216 1545 hypomnemata
3253 1460 3458 1525 citan-

776 1583 911 1656 tur;
964 1577 1295 1642 laudatum
1328 1578 1496 1642 enim
1527 1579 1889 1643 invenimus
1928 1573 2325 1664 Ἀριστόξενον
2371 1582 2432 1644 ἐν
2478 1581 2599 1653 τοῖς
2649 1583 2965 1667 ἱστορικοῖς
3012 1577 3450 1667 ὑπομνήμασιν,

776 1701 838 1762 ἐν
884 1699 1007 1770 τοῖς
1054 1693 1393 1784 σποράδην,
1446 1699 1508 1763 ἔν
1554 1723 1668 1762 τινι
1710 1702 1821 1764 τῶν
1870 1698 2206 1784 συμμίκτων
2254 1695 2726 1786 ὑπομνημάτων,
2787 1705 2849 1767 ἐν
2895 1704 3016 1775 τοῖς
3061 1699 3215 1767 κατὰ
3261 1699 3456 1788 βραχύ

775 1814 1213 1904 ὑπομνήμασιν.
1308 1820 1456 1885 Fuit
1498 1827 1832 1905 praeterea
1867 1819 2047 1884 aliud
2079 1840 2238 1905 opus
2269 1820 2835 1906 hypomnematum
2868 1822 3305 1888 historicorum
3337 1843 3456 1886 no—

729 2007 733 2010 ,
774 1939 944 2006 mine
1003 1941 1377 2026 inscriptum
1436 1941 1617 2006 cuius
1676 1947 1896 2006 auctor
1951 1947 2160 2006 utrum
2205 1943 2586 2008 Aristoteles
2631 1965 2714 2008 an
2759 1942 3240 2028 Theophrastus
3286 1950 3459 2008 esset

777 2061 1220 2143 dubitabatur3
1286 2062 1713 2127 incertissima
1756 2070 1971 2128 autem
2017 2063 2322 2128 memoria
2368 2070 2464 2128 est
2508 2063 3073 2148 hypomnematum
3119 2063 3458 2128 historico-

777 2203 917 2247 rum
961 2201 1128 2264 quae
1160 2169 1561 2248 Theodectes
1605 2183 1809 2249 minor
1851 2183 2281 2268 composuisse
2326 2184 2725 2268 perhibetur:
2783 2185 2864 2250 cf.
2901 2185 3178 2250 Mueller
3207 2205 3274 2268 p.
3306 2186 3452 2248 369.

778 2303 1101 2369 Disseruit
1144 2303 1226 2368 de
1270 2302 1391 2368 hoc
1435 2304 1757 2369 scribendi
1801 2325 2040 2387 genere
2085 2324 2206 2387 quo
2251 2304 2466 2369 varias
2509 2325 2718 2369 rerum
2765 2305 3206 2371 historicarum
3236 2325 3459 2369 narra-

775 2423 982 2489 tiones
1028 2424 1427 2489 conscribere
1472 2425 1771 2490 solebant
1812 2425 2100 2490 homines
2148 2425 2381 2491 eruditi
2409 2425 2745 2510 Koepkius
2792 2424 2873 2490 de
2918 2425 3228 2510 hypomn.
3280 2424 3390 2488 Gr.
3428 2425 3461 2488 I

778 2567 841 2629 p.
901 2548 977 2608 10
1022 2563 1157 2629 sqq.
1254 2545 1434 2623 Quae
1502 2527 1806 2634 σποράδην
1866 2546 2361 2631 appellabantur
2433 2546 2932 2631 hypomnemata
3005 2552 3176 2612 certo
3241 2545 3460 2612 ordine

776 2673 966 2751 atque
1028 2687 1273 2733 conexu
1319 2668 1602 2734 caruisse
1660 2689 1741 2733 ex
1795 2669 1940 2752 ipsa
1998 2669 2120 2733 hac
2165 2668 2625 2751 significatione
2671 2675 2971 2752 apparet;
3036 2688 3245 2749 neque
3291 2667 3459 2732 enim

776 2794 950 2853 recte
996 2808 1138 2852 eam
1182 2787 1637 2873 interpretatus
1683 2796 1780 2855 est
1810 2789 2232 2855 Casaubonus
2277 2788 2361 2853 ad
2393 2789 2606 2854 Laert.
2642 2787 2834 2871 Diog.
2875 2790 2905 2851 I
2938 2791 3040 2851 26.
3122 2788 3461 2872 Epistu-

778 2909 907 2974 las
953 2908 1231 2993 denique
1275 2909 1437 2974 varii
1480 2910 1739 2993 generis
1784 2916 1977 2991 atque
2023 2908 2382 2991 argumenti
2420 2928 2500 2974 ex
2533 2908 2995 2991 antiquioribus
3025 2908 3462 2994 peripateticis

781 3036 1265 3114 composuerant
1295 3030 1799 3115 Theophrastus,
1843 3030 2302 3111 Dicaearchus,
2356 3030 2672 3113 Lynceus,
2721 3029 2966 3108 Strat03
3021 3029 3460 3094 collectionem

781 3149 1196 3235 epistularum
1228 3150 1559 3217 Aristoteli
1588 3151 2055 3236 adscriptarum
2084 3150 2363 3215 instituit
2390 3151 2669 3215 Artemo.
2750 3150 3038 3233 Apparet
3065 3150 3259 3242 igitur
3288 3148 3461 3231 quod

781 3271 868 3337 ad
910 3291 1152 3355 genera
1205 3272 1507 3337 librorum
1552 3272 1781 3339 attinet
1824 3272 2282 3356 Hieronymum
2329 3272 2464 3337 fere
2510 3277 2798 3336 secutum
2845 3290 2988 3335 esse
3034 3270 3460 3354 antiquiorum

781 3391 1337 3479 peripateticorum
1384 3395 1772 3478 exemplum.
1866 3394 2165 3459 Ceterum
2211 3393 2364 3474 quin
2410 3391 2602 3456 etiam
2640 3390 2773 3456 alia
2804 3397 3058 3475 praeter
3087 3411 3166 3455 ea
3195 3410 3462 3473 quorum

780 3514 1003 3579 titulos
1058 3513 1351 3580 novimus
1410 3515 1493 3579 ab
1554 3534 1629 3579 eo
1689 3513 1864 3581 edita
1925 3514 2053 3579 sint
2111 3513 2378 3598 scripta,
2452 3510 2732 3577 dubitari
2788 3510 3028 3594 nequit.
3125 3511 3466 3576 Sermones

783 3634 949 3699 inter
992 3634 1352 3699 convivium
1398 3635 1651 3703 habitos
1698 3655 1843 3700 eum
1875 3634 2250 3719 exposuisse
2279 3631 2662 3698 Plutarchus
2692 3637 2911 3697 auctor
2941 3638 3040 3695 est
3070 3630 3236 3714 disp.
3275 3650 3458 3695 conv.

782 3775 1063 3840 prooem.
1111 3776 1176 3841 p.
1230 3758 1385 3819 612:
1454 3753 1581 3820 ἐπεὶ
1638 3755 1704 3820 δὲ
1748 3753 1850 3819 καὶ
1912 3754 2006 3819 σοὶ
2065 3755 2230 3818 δοκεῖ
2288 3757 2404 3818 τῶν
2468 3751 2572 3837 μὲν
2634 3747 2869 3816 ἀτόπων
2915 3747 2954 3837 ἡ
3002 3746 3164 3836 λήθη
3209 3756 3296 3837 τῷ
3339 3743 3464 3815 ὄντι

787 3872 945 3963 σοφὴ
1005 3873 1138 3941 κατ’
1194 3873 1521 3963 Εὐριπίδην
1583 3876 1771 3959 εἶναι,
1838 3873 1903 3942 τὸ
1964 3875 2030 3941 δὲ
2079 3865 2239 3948 δλως
2284 3871 2645 3959 ἀμνημονεῖν
2692 3879 2807 3938 τῶν
2855 3874 2918 3937 ἐν
2965 3868 3109 3959 οἴνῳ
3157 3869 3240 3957 μὴ
3287 3866 3467 3956 μόνον

785 4004 871 4083 τῷ
917 4001 1213 4085 φιλοποιῷ
1258 3998 1564 4087 λεγομένῳ
1613 3994 1921 4085 μάχεσθαι
1964 4002 2068 4081 τῆς
2113 3997 2432 4083 τραπέζης,
2485 3990 2640 4059 ἀλλὰ
2672 3993 2922 4058 καὶτῶν
2954 3989 3304 4080 φιλοσόφων
3333 3989 3472 4065 τούς

786 4114 1298 4203 ἐλλογιμωτάτους
1345 4116 1919 4207 ἀντιμαρτυροῦντας
1964 4118 2148 4205 ἔχειν,
2189 4111 2490 4181 Πλάτωνα
2535 4112 2635 4179 καὶ
2665 4114 3025 4201 Ξενοφῶντα
3069 4112 3171 4179 καὶ
3194 4111 3472 4201 Ἀριστο-

786 4241 963 4325 τέλην
1019 4236 1121 4305 καὶ
1165 4236 1536 4307 Σπεύσιππον
1575 4236 1926 4326 Ἐπίκουρόν
1986 4264 2050 4303 τε
2094 4236 2196 4301 καὶ
2245 4232 2537 4323 Πρύτανιν
2583 4235 2686 4301 καὶ
2719 4231 3078 4321 Ἱερώνυμον
3124 4232 3225 4299 καὶ
3269 4233 3474 4297 Δίωνα

787 4358 887 4427 τὸν
933 4363 995 4435 ἐξ
1032 4357 1447 4446 Ἀκαδημείας,
1502 4357 1583 4435 ὡς
1615 4355 1774 4435 ἄξιόν
1806 4386 1964 4433 τινος
1997 4360 2256 4444 σπουδῆς
2285 4358 2720 4442 πεποιημένους
2749 4354 2946 4442 ἔργον,
3000 4350 3476 4442 ἀναγράψασθαι

789 4481 1003 4570 λόγους
1060 4480 1224 4571 παρὰ
1279 4479 1456 4551 πότον
1516 4486 1870 4569 γενομένους
1918 4485 2042 4546 κτλ.
2135 4483 2361 4564 Itaque
2421 4479 2653 4543 librum
2701 4476 3031 4562 συμποσίου
3074 4476 3328 4541 nomine
3371 4476 3476 4540 in-

791 4605 1100 4691 scriptum
1129 4606 1212 4670 ab
1234 4604 1627 4690 Hieronymo
1660 4602 1904 4669 editum
1935 4620 2080 4668 esse
2112 4599 2528 4686 probabiliter
2556 4605 2769 4683 potest
2793 4596 3023 4667 statui:
3063 4595 3148 4661 cf.
3180 4595 3480 4661 Schmidt

792 4727 1058 4812 Didymi
1103 4726 1333 4810 fragm.
1385 4748 1450 4811 p.
1490 4729 1636 4791 368.
1732 4724 1907 4803 Quos
1951 4721 2148 4787 libros
2193 4721 2274 4786 ab
2319 4719 2468 4783 aliis
2514 4716 2896 4803 compositos
2936 4716 3366 4801 Hieronymus
3409 4717 3478 4781 in
