3785 5187
832 409 909 474 18
1973 404 2040 466 E.
2080 405 2359 466 HILLER

1004 599 1122 664 XI.
1152 603 1237 662 .1.
1332 597 1464 664 Cio.
1516 599 1597 665 de
1642 599 1753 664 fin.
1803 601 1867 664 II
1912 605 1984 683 3,
2041 604 2077 665 8
2141 610 2386 665 tenesne
2444 601 2672 686 iyitur,
2708 600 2991 685 -inquam
3012 650 3026 679 ,
3093 598 3530 684 Hieronymus

833 698 1122 785 Rhodius
1169 721 1323 804 quid
1362 720 1536 784 dicat
1579 744 1709 784 esse
1751 744 2059 785 summum
2105 723 2358 800 bonum,
2414 745 2534 806 quo
2569 729 2757 804 putet
2799 721 3008 784 omnia
3051 721 3291 806 referri
3333 743 3525 804 opor-

838 843 1008 905 tere?
1077 849 1248 904 teneo
1270 891 1283 918 ,
1335 841 1555 925 inquit,
1583 842 1793 926 finem
1837 841 1942 905 illi
1982 841 2185 906 videri
2224 841 2387 906 nihil
2427 842 2655 905 dolere.
2749 842 2952 927 quid?
3022 841 3185 906 idem
3229 843 3370 924 iste,
3421 843 3528 904 in-

834 984 1053 1047 quam,
1106 961 1182 1024 de
1227 962 1545 1044 voluptate
1590 962 1743 1046 quid
1782 962 2018 1027 sentit?
2093 971 2281 1047 neqat
2323 985 2454 1026 esse
2499 985 2637 1026 eam
2658 1013 2671 1040 ,
2724 963 2948 1047 inquit,
2994 971 3259 1046 propter
3301 985 3365 1026 se
3409 985 3522 1024 ex-

823 1085 1182 1166 petendam.

1005 1209 1063 1268 2.
1159 1204 1248 1270 ib.
1303 1209 1339 1267 5
1362 1255 1376 1284 ,
1435 1208 1513 1268 16
1580 1203 1640 1267 si
1700 1203 1865 1267 enim
1931 1203 2096 1266 idem
2161 1202 2317 1267 dicit
2391 1204 2746 1288 (Epicurus)
2827 1206 2996 1288 quod
3059 1204 3511 1288 Hieronymus,

828 1326 944 1411 qui
984 1333 1187 1389 censet
1229 1347 1533 1388 summum
1578 1325 1799 1389 bonum
1844 1347 1977 1388 esse
2019 1324 2151 1388 sine
2195 1325 2330 1388 ulla
2373 1325 2658 1388 molestia
2699 1325 2932 1402 vivere,
2987 1348 3102 1389 cur
3143 1326 3376 1388 mavolt
3417 1325 3524 1388 di-

830 1469 968 1510 cere
1013 1447 1395 1528 voluptatem
1440 1468 1625 1530 quam
1670 1445 2042 1509 vacuitatem
2086 1445 2351 1526 doloris,
2415 1453 2488 1508 ut
2542 1445 2650 1509 ille
2684 1446 2901 1532 facit,
2971 1446 3082 1531 qui
3141 1445 3297 1530 quid
3348 1445 3525 1508 dicat

829 1567 1186 1650 intelleqit?

851 1691 856 1704 ¹
1004 1692 1065 1754 3.
1145 1687 1231 1751 ib.
1270 1689 1330 1767 6,
1375 1688 1451 1748 19
1517 1685 1705 1748 multi
1755 1686 1919 1748 enim
1978 1693 2040 1749 et
2093 1685 2310 1771 maqni
2345 1686 2715 1769 philosophi
2753 1686 2906 1750 haec
2951 1686 3173 1751 ultima
3219 1687 3522 1750 bonorum

831 1809 1045 1873 iuncta
1067 1809 1375 1894 fecerunt
1419 1829 1469 1870 6.
1508 1828 1568 1890 q.
1604 1829 1653 1869 3.
1708 1805 1872 1869 idem
1894 1807 2168 1893 fecisset
2211 1807 2560 1890 Epicurus,
2612 1807 2673 1869 si
2712 1806 3082 1871 sententiam
3123 1808 3304 1884 hanc,
3357 1830 3525 1892 quae

830 1953 992 1994 nunc
1050 1927 1437 2012 Hieronymi
1490 1935 1613 2005 est,
1688 1926 2108 1991 coniunxisset
2164 1949 2302 1990 cum
2364 1927 2689 2011 Aristippi
2739 1936 2943 1991 vetere
2998 1928 3325 1992 sententia.
3419 1927 3530 1991 illi

830 2050 992 2114 enim
1035 2050 1200 2113 inter
1242 2071 1308 2111 se
1345 2047 1753 2124 dissentiunt‚·
1785 2057 2131 2132 propterea
2160 2048 2422 2133 sinyulis
2439 2048 2691 2132 finibus
2734 2057 2996 2112 utuntur
3028 2057 3109 2130 et,
3161 2071 3298 2111 cum
3341 2056 3524 2112 uter-

833 2193 950 2256 que
1003 2172 1245 2234 Graece
1290 2168 1533 2254 eyreyie
1593 2170 1921 2254 loquatur,
1986 2193 2096 2232 nec
2142 2170 2542 2253 Aristippus,
2612 2169 2725 2254 qui
2778 2170 3160 2252 voluptatem
3213 2191 3526 2232 summum

832 2293 1055 2356 bonum
1100 2290 1272 2372 dicit,
1325 2291 1391 2354 in
1438 2291 1753 2373 voluptate
1784 2291 1974 2374 ponit
2015 2313 2138 2354 non
2182 2292 2411 2372 dolere,
2463 2314 2662 2375 neque
2693 2290 3138 2374 Hieronymus,
3193 2289 3306 2374 qui
3344 2312 3528 2353 sum-

833 2435 1000 2477 mum
1048 2413 1268 2475 bonum
1312 2411 1537 2475 statuit
1579 2433 1703 2474 non
1747 2412 1972 2489 dolere,
2026 2411 2364 2494 voluptatis
2408 2411 2654 2474 nomine
2681 2433 2974 2495 umquam
3014 2411 3217 2474 utitur
3247 2433 3373 2493 pro
3404 2411 3530 2474 illa

831 2534 1195 2617 indolentia,
1248 2532 1475 2617 quippe
1522 2532 1629 2617 qui
1670 2555 1745 2595 ne
1790 2532 1855 2595 in
1903 2531 2258 2615 expetendis
2305 2532 2551 2617 quidem
2584 2534 2769 2596 rebus
2799 2539 3082 2596 numeret
3112 2532 3522 2615 voluptatem.

1007 2661 1066 2717 4.
1146 2654 1229 2719 ib.
1276 2658 1375 2737 10,
1416 2656 1496 2717 32
1557 2676 1667 2715 nec
1715 2661 1919 2716 tamen
1963 2661 2394 2737 aryumentum
2437 2654 2551 2716 hoc
2597 2653 2914 2736 Epicurus
2957 2678 2997 2717 a
3028 2653 3257 2737 parvis
3291 2652 3530 2735 petivit

830 2786 943 2841 aut
986 2775 1172 2840 etiam
1216 2798 1256 2837 a
1304 2774 1510 2838 bestiis
1527 2824 1541 2853 ,
1608 2797 1765 2858 quae
1812 2782 2006 2856 putat
2050 2797 2180 2837 esse
2223 2775 2477 2858 specula
2521 2782 2787 2838 naturae
2807 2824 2821 2852 ,
2885 2782 2956 2837 ut
3013 2773 3248 2837 diceret
3303 2774 3382 2835 ab
3443 2774 3530 2836 iis

830 2900 984 2961 duce
1041 2905 1270 2961 natura
1327 2896 1486 2959 hanc
1555 2894 1935 2978 voluptatem
2000 2895 2209 2977 expeti
2268 2895 2432 2957 nihil
2495 2894 2765 2957 dolendi.
2873 2917 3072 2979 neque
3138 2895 3299 2957 enim
3368 2894 3528 2957 haec

831 3041 1075 3083 movere
1107 3025 1322 3101 potest
1365 3015 1709 3099 adpetitum
1752 3014 1976 3097 animi,
2041 3039 2151 3079 nec
2204 3016 2402 3081 ullum
2445 3016 2630 3079 habet
2673 3014 2891 3096 ictum,
2960 3038 3075 3099 quo
3125 3014 3334 3097 pellat
3377 3013 3525 3077 ani—

831 3162 1028 3219 mum,
1097 3146 1299 3202 status
1342 3137 1442 3201 hic
1485 3158 1607 3199 non
1651 3135 1925 3199 dolendi.
2015 3136 2226 3221 itaque
2270 3136 2336 3199 in
2386 3136 2500 3199 hoc
2545 3137 2755 3199 eodem
2789 3143 3014 3218 peccat
3060 3134 3518 3217 Hieronymus.

1007 3266 1067 3325 5.
1148 3259 1235 3325 ib.
1280 3263 1377 3340 11,
1417 3262 1497 3324 35
1566 3257 1658 3321 ita
1704 3265 1828 3320 tres
1872 3264 2019 3319 sunt
2033 3256 2210 3340 fines
2255 3264 2536 3339 expertes
2580 3255 2938 3333 honestatis,
2990 3278 3152 3318 unus
3198 3254 3530 3337 Aristippi

834 3382 936 3445 vel
975 3380 1263 3465 Epicuri,
1316 3379 1480 3443 alter
1524 3377 1921 3463 Hieronymi,
1983 3377 2305 3441 Carneadi
2347 3376 2588 3439 tertius.

1008 3506 1067 3565 6.
1148 3502 1235 3565 ib.
1266 3500 1523 3589 ‘reliqui
1562 3499 1685 3563 sibi
1724 3499 2166 3579 constiterunt,
2234 3506 2304 3560 ut
2345 3505 2623 3559 extrema
2667 3518 2804 3559 cum
2849 3496 3046 3559 initiis
3089 3496 3512 3562 convenirent.

836 3631 905 3686 ut
950 3622 1295 3711 Aristippo
1327 3621 1642 3703 voluptas,
1704 3620 2097 3704 Hieronymo
2143 3618 2375 3681 doloris
2420 3617 2730 3697 vacuitas,
2791 3616 3113 3680 Carneadi
3132 3616 3294 3700 frui
3329 3617 3512 3698 prin·

836 3744 1017 3827 cipiis
1061 3742 1455 3806 naturalibus
1484 3739 1487 3743 ’
1514 3749 1673 3804 esset
1729 3749 2092 3804 extremum.
2188 3738 2505 3822 Epicurus
2559 3746 2763 3801 autem
2807 3759 2942 3800 cum
2989 3737 3056 3799 in
3089 3737 3308 3821 prima
3353 3760 3518 3799 com-

835 3866 1225 3928 mendatione
1270 3864 1649 3946 voluptatem
1694 3862 1980 3941 dixisset,
2047 3860 2108 3922 si
2155 3882 2320 3940 eam,
2392 3881 2580 3943 quam
2626 3858 3024 3941 Aristippus,
3093 3858 3255 3921 idem
3317 3867 3520 3922 tenere

835 3986 1049 4050 debuit
1090 3985 1375 4048 ultimum
1423 3985 1737 4064 bonorum,
1792 3983 1960 4065 quod
2001 3980 2109 4043 ille
2123 4008 2146 4053 ,·
2190 3981 2288 4043 sin
2333 4002 2486 4061 eam,
2543 4001 2726 4063 quam
2769 3978 3220 4061 Hieronymus,
3251 3980 3518 4063 fecisset

838 4107 1020 4185 idem,
1074 4114 1143 4169 ut
1188 4105 1563 4187 voluptatem
1611 4103 1788 4167 illam
1833 4102 1900 4164 in
1933 4102 2151 4184 prima
2195 4100 2719 4163 commendatione
2750 4107 3038 4181 poneret.

1012 4230 1070 4289 7.
1151 4226 1239 4290 ib.
1282 4227 1381 4304 13,
1421 4229 1493 4287 41
1559 4247 1670 4286 nec
1716 4245 1860 4286 vero
1908 4221 2252 4284 audiendus
2297 4221 2745 4303 Hieronymus,
2799 4219 2904 4281 cui
2944 4241 3252 4283 summum
3299 4222 3511 4285 bonum

838 4356 932 4412 est
988 4348 1183 4428 idem,
1250 4348 1421 4431 quod
1461 4368 1566 4408 vos
1610 4344 1922 4408 interdum
1969 4344 2069 4405 vel
2099 4342 2318 4425 potius
2372 4339 2631 4403 nimium
2673 4362 2858 4422 saepe
2902 4340 3140 4420 dicitis,
3209 4341 3376 4404 nihil
3413 4342 3515 4403 do—

840 4471 967 4533 lere
986 4497 1011 4543 ,·
1068 4490 1191 4531 non
1248 4467 1440 4549 enim,
1505 4467 1564 4529 si
1617 4466 1851 4529 malum
1910 4472 2004 4526 est
2056 4464 2254 4536 dolor,
2317 4485 2532 4526 carere
2577 4484 2645 4523 eo
2699 4462 2864 4523 malo
2909 4460 3064 4524 satis
3109 4470 3204 4524 est
3247 4463 3338 4525 ad
3378 4462 3512 4523 bene

841 4591 1182 4653 vivendum.

1012 4713 1069 4773 8.
1154 4709 1239 4773 ib.
1277 4708 1366 4772 IV
1403 4710 1501 4789 18,
1542 4711 1622 4771 49
1679 4704 1833 4789 quid
1872 4727 2078 4767 censes
2123 4727 2219 4767 eos
2265 4727 2392 4766 esse
2416 4704 2742 4789 facturos,
2797 4702 2906 4784 qui
2943 4701 3186 4766 omnino
3233 4702 3505 4765 virtutem

841 4856 879 4893 a
924 4833 1225 4895 bonorum
1244 4829 1387 4913 fine
1433 4834 1936 4911 seqreyaverunt‚
1989 4826 2356 4907 Epicurum,
2411 4824 2870 4907 Hieronymum
2917 4846 2968 4885 e.
3008 4847 3067 4907 q.
3105 4845 3154 4886 s.
