3785 5187
809 381 889 448 30
1764 435 1769 438 .
1953 363 2027 440 'n
2069 380 2348 442 mann

808 552 1026 641 tamen
1085 575 1479 658 probabilior
1535 575 1694 639 mihi
1760 575 2013 641 videtur
2071 578 2389 643 sententia
2433 599 2675 658 eorum,
2727 575 2836 661 qui
2885 574 3292 662 plebiscitum
3337 575 3522 641 omni

816 717 894 762 ex
940 703 1119 781 parte
1166 695 1387 762 dolose
1433 694 1645 761 fictum
1693 715 1836 762 esse
1876 697 2191 783 suspicati
2236 706 2402 764 sunt.
2442 782 2454 792 ι

980 937 1254 1002 XXVII.
1329 938 1493 1003 Plut.
1546 957 1673 1002 non
1718 958 1912 1024 posse
1956 939 2239 1004 suaviter
2281 939 2410 1005 vivi
2465 960 2594 1005 sec.
2646 939 2828 1024 Epic.
2875 942 2950 1002 13
2998 961 3060 1024 p.
3105 941 3270 1002 1096
3333 941 3518 1010 ποῖος

794 1054 925 1145 ’γὰρ
988 1053 1059 1123 ἂν
1124 1054 1309 1140 αὐλὸς,
1363 1053 1401 1144 ἢ
1460 1033 1686 1145 κιθᾶρα
1748 1060 2154 1146 διηρμοσμένη
2215 1057 2360 1146 πρὸς
2421 1057 2583 1147 ᾠδὴν
2644 1054 2682 1145 ἢ
2742 1060 2828 1132 τίς
2871 1055 3053 1147 χορὸς
3097 1055 3360 1147 εὐρύοπα
3403 1060 3521 1123 κέ-

810 1182 994 1244 λαδον
1030 1176 1381 1267 ἀκροσόφων
1432 1175 1756 1266 ἀγνύμενον
1805 1176 1906 1244 διὰ
1951 1176 2258 1265 στομάτων
2305 1177 2713 1268 φθεγγόμενος
2761 1175 2946 1254 οὕτως
2991 1175 3308 1268 ηὔφρανεν,
3333 1177 3519 1243 Ἐπί-

808 1325 1023 1388 κουρον
1084 1297 1185 1364 καὶ
1233 1296 1669 1387 Μητρόδωρον,
1736 1296 1818 1373 ὡς
1858 1297 2230 1388 Ἀριστοτέλη
2291 1301 2397 1366 καὶ
2441 1297 2822 1389 Θεόφραστον
2868 1298 2970 1366 καὶ
3001 1297 3352 1387 Ἱερώνυμον
3399 1300 3517 1364 καὶ

809 1421 1173 1508 Δικαίαρχον
1219 1423 1276 1485 οἱ
1319 1421 1454 1508 περὶ
1498 1427 1698 1509 χορῶν
1744 1418 1914 1507 λόγοι
1957 1421 2060 1487 καὶ
2116 1423 2504 1488 διδασκαλίαι
2543 1423 2664 1487 ·κα“ι
2709 1417 2783 1486 τὰ
2840 1417 2912 1485 δι’
2968 1418 3162 1486 αὐλῶν
3220 1418 3312 1505 (τὰ
3356 1417 3514 1507 ὓπὲρ

808 1538 1009 1607 αὐλῶν
1057 1542 1221 1606 coni.
1272 1542 1540 1621 Reiske,
1603 1539 1677 1607 τὰ
1721 1541 1856 1629 περὶ
1905 1539 2104 1608 αὐλῶν
2149 1544 2595 1627 wyttenbach)
2659 1539 3056 1629 προβλήματα
3101 1543 3203 1606 καὶ
3258 1543 3514 1629 ῥυθμῶν

806 1663 908 1727 καὶ
956 1658 1276 1749 ἁρμονιῶνς

980 1904 1287 1970 XXVIII.
1351 1905 1502 1971 Vita
1557 1905 1757 1991 Soph.
1828 1909 1904 1968 12
1964 1906 2170 1991 γέγονε
2217 1905 2283 1970 δὲ
2340 1903 2442 1970 καὶ
2500 1903 2790 1993 θεοφιλὴς
2835 1902 2866 1970 ὃ
2914 1906 3229 1994 Σοφοκλῆς
3272 1901 3348 1977 ὥς
3394 1899 3516 1970 οὒκ

808 2018 1011 2108 ἄλλος,
1077 2021 1244 2090 καθά
1298 2050 1479 2113 φησιν
1525 2021 1887 2113 Ἱερώνυμος
1948 2024 2232 2112 περὶτῆς
2287 2032 2516 2113 χρυσῆς
2577 2023 2894 2114 στεφάνης.
3001 2025 3220 2112 ταύτης
3277 2021 3393 2112 γὰρ
3440 2028 3514 2097 ἐξ

814 2143 1195 2232 ἀκροπόλεως
1252 2147 1581 2232 κλαπείσης
1640 2144 1774 2212 κατ’
1858 2140 2004 2233 ὄναρ
2051 2143 2360 2232 Ἡρακλῆς
2421 2147 2693 2233 ἐδήλωσε
2749 2147 3083 2234 Σοφοκλεῖ,
3151 2148 3339 2234 λέγων
3393 2141 3511 2230 τῆν

814 2263 896 2352 μῆ
933 2270 1213 2332 οἰκοῦσαν
1274 2267 1468 2332 οἰκίαν
1527 2270 1589 2332 ἐν
1652 2269 1817 2354 δεξιᾷ
1878 2264 2119 2334 εἰσιόντι
2164 2269 2505 2354 ἐρευνῆσαι,
2565 2267 2716 2333 ἔνθα
2771 2268 2891 2352 (καὶ
2937 2267 3086 2333 add.
3139 2266 3504 2351 Michaelis)

812 2389 1157 2475 ἐκέκρυπτο.
1254 2385 1514 2473 ἐμήνυσε
1560 2375 1617 2453 5⁵
1674 2384 1857 2474 αὐτὴν
1903 2392 1989 2475 τῷ
2034 2384 2209 2475 δήμῳ
2255 2389 2357 2453 καὶ
2402 2386 2691 2454 τάλαντον
2738 2390 3004 2461 ἐδέξατο·
3053 2393 3224 2453 τοῦτο
3269 2384 3384 2474 γὰρ
3429 2380 3514 2473 ἦν

804 2510 1247 2597 προκηρυχθέν.
1329 2505 1530 2597 λαβὼν
1578 2499 1681 2575 οὖν
1727 2506 1791 2574 τὸ
1837 2505 2129 2575 τάλαντον
2179 2506 2335 2598 ἱερὸν
2386 2506 2664 2597 ἱδρύσατο
2713 2515 2970 2597 μηνυτοῦ
3005 2506 3410 2597 (Ηρακλέους.

978 2633 1144 2696 Ante
1204 2630 1321 2695 illa
1376 2628 1509 2717 περὶ
1540 2635 1672 2717 ’τῆς
1733 2634 1963 2717 χρυσῆς
2024 2626 2321 2718 στεφάνης
2393 2632 2640 2716 aliquid
2710 2632 3028 2698 excidisse
3087 2632 3515 2718 probabiliter

814 2752 1042 2816 statuit
1083 2751 1377 2829 Iahnius;
1446 2772 1524 2816 ac
1582 2751 1889 2817 facillime
1935 2751 2193 2836 quidem
2238 2759 2387 2839 post
2417 2750 2778 2839 Ἱερώνυμος
2832 2753 3038 2818 omitti
3082 2753 3288 2837 potuit
3333 2754 3509 2817 ἱστο-

809 2877 960 2958 ρῶν;
1044 2871 1127 2936 cf.
1197 2872 1401 2936 schol.
1462 2872 1729 2937 Theocr.
1807 2877 1862 2953 1,
1936 2876 2049 2935 117
2111 2868 2187 2947 ὥς
2247 2898 2428 2961 φησιν
2477 2868 2714 2961 Ἴβυκος
2771 2880 3146 2960 παριστορῶν
3205 2873 3341 2960 περὶ
3399 2876 3513 2958 τῆς

794 2988 1136 3078 Ὀλυμπίας
1182 2989 1426 3079 φιάλης.
1539 2996 1598 3076 7,
1673 2998 1791 3057 103
1854 2990 1932 3067 ὡς
1978 2985 2245 3081 Ἔφορος
2289 2993 2392 3060 καὶ
2452 2990 2870 3081 Ἀριστόδημος
2916 2990 2947 3058 ‘0
2992 2993 3260 3081 Θηβαῖος
3306 2998 3368 3059 ἐν
3415 2994 3513 3067 οἷς

806 3115 1027 3199 ἱστορεῖ
1079 3111 1215 3199 περὶ
1275 3116 1379 3199 τῆς
1435 3114 1644 3201 ἑορτῆς
1701 3120 1819 3179 τῶν
1867 3111 2236 3200 Ὁμολωίων.
2331 3116 2529 3180 schol.
2583 3116 2796 3200 Apoll.
2847 3115 3050 3181 Rhod.
3119 3116 3185 3179 II
3251 3118 3370 3179 159
3423 3112 3508 3188 ὥς

808 3258 987 3320 φησιν
1054 3230 1389 3321 Ἀνδροίτας
1450 3231 1481 3299 ὁ
1544 3233 1819 3308 Τενέδιος
1881 3238 1944 3300 ἐν
2004 3242 2090 3323 τῷ
2146 3236 2417 3324 περίπλῳ
2458 3241 2563 3322 τῆς
2625 3236 3045 3323 Προποντίδος,
3126 3240 3506 3322 παριστορῶν

806 3346 899 3419 ὅτι
944 3359 1069 3420 κτλ.
1165 3355 1241 3420 In
1287 3355 1503 3421 codice
1550 3356 1940 3421 Tricliniano
1984 3357 2089 3440 qui
2136 3363 2235 3422 est
2290 3357 2457 3422 inter
2501 3357 2825 3422 Parisinos
2873 3360 3031 3436 2711
3083 3357 3299 3441 inepte
3345 3356 3507 3422 scri—

803 3484 979 3561 ptum
1026 3482 1125 3541 est
1153 3471 1517 3561 Ἱερώνυμος
1563 3481 1638 3543 ἐν
1683 3482 1779 3563 τῷ
1826 3476 1962 3563 περὶ
2005 3481 2112 3563 τῆς
2156 3483 2383 3564 χρυσῆς
2431 3473 2750 3564 στεφάνης.

978 3597 1190 3663 Verba
1237 3593 1352 3682 τὴν
1412 3593 1491 3683 μή
1554 3600 1835 3663 οἰκοῦσαν
1909 3598 2101 3663 οἰκίαν
2162 3620 2202 3663 a
2273 3600 2451 3664 nullo
2511 3597 2725 3663 adhuc
2783 3598 3024 3663 editore
3084 3597 3506 3683 probabiliter

806 3726 1034 3783 sanata
1078 3724 1245 3783 sunt.
1340 3718 1620 3785 Ritterus
1667 3715 1746 3804 μή
1794 3720 2075 3784 οἰκοῦσαν
2121 3726 2323 3785 ortum
2384 3738 2528 3785 esse
2575 3718 2968 3806 ὃιττογραφίᾳ
3022 3738 3322 3804 perverse
3368 3726 3506 3785 sta-

805 3840 959 3912 tuit;
1013 3840 1501 3904 Westermanno
1559 3840 1902 3905 videbatur
1957 3840 2024 3905 in
2082 3841 2183 3905 his
2242 3840 2456 3906 verbis
2515 3837 2854 3926 ὁμοροῦσαν
2909 3840 3016 3905 vel
3074 3839 3286 3904 simile
3343 3840 3504 3923 quid

805 3961 1026 4041 latere,
1078 3959 1359 4043 Bergkio
1419 3959 1695 4042 denique
1768 3968 1833 4026 et
1890 3960 2223 4026 Dindorfio
2296 3979 2525 4026 nomen
2598 3961 2956 4045 proprium:
2997 4030 3001 4035 ,
3055 3966 3118 4025 et
3174 3960 3500 4043 Bergkius

803 4056 1061 4163 quidem
1108 4078 1388 4167 Μῆτίχου
1434 4080 1726 4164 coniecit,
1778 4081 2145 4147 Dindorfius
2194 4080 2494 4154 Μίκωνος.

979 4202 1077 4266 De
1150 4201 1301 4266 fano
1360 4201 1656 4267 Herculis
1728 4202 1901 4286 quod
1969 4223 2009 4266 a
2079 4202 2400 4288 Sophocle
2474 4201 2795 4266 conditum
2864 4220 3008 4266 esse
3065 4202 3501 4286 Hieronymus

804 4321 1069 4387 tradidit
1112 4322 1192 4385 cf.
1245 4322 1527 4405 Hesych.
1582 4318 1844 4407 μηνυτής
1872 4343 1885 4357 ·
1926 4318 2252 4409 (Ηρακλῆς
2285 4326 2348 4388 ἐν
2387 4319 2690 4408 Ἀθήναις.
2784 4323 3042 4388 Boeckh
3089 4322 3191 4386 die
3234 4325 3502 4387 Staats—

811 4443 1031 4507 haush.
1085 4445 1199 4505 der
1242 4442 1399 4505 Ath.
1451 4442 1547 4506 11²
1587 4465 1653 4528 p.
1706 4446 1850 4505 462.
1922 4444 1994 4509 O.
2031 4443 2182 4508 Keil
2229 4444 2380 4527 syll.
2427 4444 2620 4509 inscr.
2671 4445 2893 4508 Boeot.
2944 4465 3008 4528 p.
3065 4447 3210 4507 100.
3269 4443 3502 4527 Suspi-

804 4565 937 4630 cari
994 4564 1147 4628 licet
1201 4572 1264 4630 et
1322 4565 1540 4629 fanum
1603 4570 1667 4628 et
1724 4564 2009 4629 fabulam
2073 4565 2153 4629 de
2213 4564 2351 4629 eius
2412 4564 2659 4647 origine
2718 4564 2844 4628 iam
2908 4570 3057 4628 ante
3111 4563 3496 4649 Sophoclem

806 4683 1172 4767 exstitisse,
1238 4693 1462 4770 postea
1518 4704 1667 4749 vero
1736 4684 1906 4749 hanc
1975 4684 2262 4750 fabulam
2319 4686 2403 4750 ad
2464 4693 2716 4769 poetam
2776 4684 3016 4771 pietate
3076 4684 3397 4769 insignem
3459 4706 3503 4749 a

802 4806 1039 4894 populo
1098 4825 1241 4871 esse
1297 4806 1697 4871 translatam.
1794 4804 2122 4869 Consentit
2169 4825 2310 4870 cum
2353 4805 2744 4889 Hieronymo
2788 4804 3058 4870 Tertull.
3125 4804 3208 4870 de
3251 4825 3357 4869 an.
3413 4810 3502 4870 46
