<?xml version="1.0" encoding="UTF-8"?>
<!DOCTYPE html PUBLIC "-//W3C//DTD XHTML 1.0 Transitional//EN"
    "http://www.w3.org/TR/xhtml1/DTD/xhtml1-transitional.dtd">
<html xmlns="http://www.w3.org/1999/xhtml" xml:lang="en" lang="en">
 <head>
  <title>
</title>
<meta http-equiv="Content-Type" content="text/html;charset=utf-8" />
  <meta name='ocr-system' content='tesseract 3.04.00' />
  <meta name='ocr-capabilities' content='ocr_page ocr_carea ocr_par ocr_line ocrx_word'/>
</head>
<body>
  <div class='ocr_page' id='page_1' title='image "./hieromymirkedii01hillgoog_0014.png"; bbox 0 0 3785 5187; ppageno 0'>
   <div class='ocr_carea' id='block_1_1' title="bbox 782 353 2316 414">
    <p class='ocr_par' dir='ltr' id='par_1_1' title="bbox 782 353 2316 414">
     <span class='ocr_line' id='line_1_1' title="bbox 782 353 2316 414; baseline -0.003 -1"><span class='ocrx_word' id='word_1_1' title='bbox 782 353 858 414; x_wconf 84' lang='lat'>1⁰2</span> <span class='ocrx_word' id='word_1_2' title='bbox 1928 353 1993 407; x_wconf 90' lang='lat' dir='ltr'>E.</span> <span class='ocrx_word' id='word_1_3' title='bbox 2036 353 2316 408; x_wconf 84' lang='lat' dir='ltr'>HILLER</span> 
     </span>
    </p>
   </div>
   <div class='ocr_carea' id='block_1_2' title="bbox 761 543 3517 4742">
    <p class='ocr_par' dir='ltr' id='par_1_2' title="bbox 761 543 3517 4742">
     <span class='ocr_line' id='line_1_2' title="bbox 762 543 3460 630; baseline 0.002 -24"><span class='ocrx_word' id='word_1_4' title='bbox 762 543 1216 608; x_wconf 86' lang='lat' dir='ltr'>mentationem</span> <span class='ocrx_word' id='word_1_5' title='bbox 1248 543 1566 625; x_wconf 81' lang='lat' dir='ltr'>Bergkius</span> <span class='ocrx_word' id='word_1_6' title='bbox 1611 544 1751 628; x_wconf 82' lang='lat' dir='ltr'>ipse</span> <span class='ocrx_word' id='word_1_7' title='bbox 1796 543 2264 625; x_wconf 86' lang='lat' dir='ltr'>quodammodo</span> <span class='ocrx_word' id='word_1_8' title='bbox 2297 544 2605 626; x_wconf 78' lang='lat' dir='ltr'>coneedit,</span> <span class='ocrx_word' id='word_1_9' title='bbox 2647 545 3068 630; x_wconf 85' lang='lat' dir='ltr'>Hippolytum</span> <span class='ocrx_word' id='word_1_10' title='bbox 3100 546 3182 610; x_wconf 89' lang='lat' dir='ltr'>ab</span> <span class='ocrx_word' id='word_1_11' title='bbox 3214 546 3460 612; x_wconf 80' lang='lat' dir='ltr'>Aristo-</span> 
     </span>
     <span class='ocr_line' id='line_1_3' title="bbox 768 663 3461 750; baseline 0.001 -23"><span class='ocrx_word' id='word_1_12' title='bbox 768 663 980 746; x_wconf 83' lang='lat' dir='ltr'>phane</span> <span class='ocrx_word' id='word_1_13' title='bbox 1025 663 1201 728; x_wconf 89' lang='lat' dir='ltr'>haud</span> <span class='ocrx_word' id='word_1_14' title='bbox 1244 684 1388 730; x_wconf 88' lang='lat' dir='ltr'>raro</span> <span class='ocrx_word' id='word_1_15' title='bbox 1434 665 1614 748; x_wconf 86' lang='lat' dir='ltr'>tangi</span> <span class='ocrx_word' id='word_1_16' title='bbox 1643 665 1983 730; x_wconf 80' lang='lat' dir='ltr'>adnotans.</span> <span class='ocrx_word' id='word_1_17' title='bbox 2078 667 2340 730; x_wconf 82' lang='lat' dir='ltr'>Praeter</span> <span class='ocrx_word' id='word_1_18' title='bbox 2369 664 2904 749; x_wconf 82' lang='lat' dir='ltr'>Aristophaneam</span> <span class='ocrx_word' id='word_1_19' title='bbox 2938 665 3185 732; x_wconf 80' lang='lat' dir='ltr'>exstitit</span> <span class='ocrx_word' id='word_1_20' title='bbox 3213 666 3461 750; x_wconf 90' lang='lat' dir='ltr'>Diphili</span> 
     </span>
     <span class='ocr_line' id='line_1_4' title="bbox 765 781 3458 870; baseline 0.001 -22"><span class='ocrx_word' id='word_1_21' title='bbox 765 783 990 864; x_wconf 81' lang='lat' dir='ltr'>fabula</span> <span class='ocrx_word' id='word_1_22' title='bbox 1039 781 1360 870; x_wconf 79' lang='grc' dir='ltr'>Ἀνάγυρος</span> <span class='ocrx_word' id='word_1_23' title='bbox 1415 785 1748 869; x_wconf 81' lang='lat' dir='ltr'>inscripta.</span> <span class='ocrx_word' id='word_1_24' title='bbox 1874 785 1977 850; x_wconf 87' lang='lat' dir='ltr'>Ad</span> <span class='ocrx_word' id='word_1_25' title='bbox 2032 806 2303 870; x_wconf 86' lang='lat' dir='ltr'>poenam</span> <span class='ocrx_word' id='word_1_26' title='bbox 2365 786 2447 850; x_wconf 86' lang='lat' dir='ltr'>ab</span> <span class='ocrx_word' id='word_1_27' title='bbox 2505 787 2809 870; x_wconf 84' lang='lat' dir='ltr'>Anagyro</span> <span class='ocrx_word' id='word_1_28' title='bbox 2863 787 3055 852; x_wconf 90' lang='lat' dir='ltr'>heroe</span> <span class='ocrx_word' id='word_1_29' title='bbox 3114 787 3458 852; x_wconf 76' lang='lat' dir='ltr'>exercitam</span> 
     </span>
     <span class='ocr_line' id='line_1_5' title="bbox 763 901 3461 994; baseline 0.001 -25"><span class='ocrx_word' id='word_1_30' title='bbox 763 911 1097 990; x_wconf 58' lang='lat' dir='ltr'>,spectasse</span> <span class='ocrx_word' id='word_1_31' title='bbox 1128 905 1382 970; x_wconf 86' lang='lat' dir='ltr'>videtur</span> <span class='ocrx_word' id='word_1_32' title='bbox 1428 907 1834 990; x_wconf 86' lang='lat' dir='ltr'>proverbium</span> <span class='ocrx_word' id='word_1_33' title='bbox 1880 901 1979 971; x_wconf 87' lang='grc' dir='ltr'>τὸν</span> <span class='ocrx_word' id='word_1_34' title='bbox 2016 902 2335 994; x_wconf 80' lang='grc' dir='ltr'>Ἀνάγυρον</span> <span class='ocrx_word' id='word_1_35' title='bbox 2382 908 2564 971; x_wconf 79' lang='grc' dir='ltr'>κινεῖν</span> <span class='ocrx_word' id='word_1_36' title='bbox 2613 906 2852 972; x_wconf 82' lang='lat' dir='ltr'>dietum</span> <span class='ocrx_word' id='word_1_37' title='bbox 2899 908 2980 972; x_wconf 89' lang='lat' dir='ltr'>de</span> <span class='ocrx_word' id='word_1_38' title='bbox 3026 927 3102 972; x_wconf 92' lang='lat' dir='ltr'>eo</span> <span class='ocrx_word' id='word_1_39' title='bbox 3147 908 3256 990; x_wconf 90' lang='lat' dir='ltr'>qui</span> <span class='ocrx_word' id='word_1_40' title='bbox 3287 910 3461 972; x_wconf 86' lang='lat' dir='ltr'>mala</span> 
     </span>
     <span class='ocr_line' id='line_1_6' title="bbox 767 1022 3452 1114; baseline 0.001 -24"><span class='ocrx_word' id='word_1_41' title='bbox 767 1025 894 1090; x_wconf 83' lang='lat' dir='ltr'>Sibi</span> <span class='ocrx_word' id='word_1_42' title='bbox 938 1026 1270 1092; x_wconf 79' lang='lat' dir='ltr'>contraxit.</span> <span class='ocrx_word' id='word_1_43' title='bbox 1366 1027 1560 1092; x_wconf 79' lang='lat' dir='ltr'>Arist.</span> <span class='ocrx_word' id='word_1_44' title='bbox 1617 1027 1882 1112; x_wconf 80' lang='lat' dir='ltr'>Lysistr.</span> <span class='ocrx_word' id='word_1_45' title='bbox 1938 1031 2017 1092; x_wconf 88' lang='grc'>68</span> <span class='ocrx_word' id='word_1_46' title='bbox 2074 1023 2105 1090; x_wconf 79' lang='grc' dir='ltr'><strong>ὃ</strong></span> <span class='ocrx_word' id='word_1_47' title='bbox 2152 1031 2293 1110; x_wconf 83' lang='grc' dir='ltr'>γοῦν</span> <span class='ocrx_word' id='word_1_48' title='bbox 2335 1022 2651 1114; x_wconf 82' lang='grc' dir='ltr'>Ἀνάγυρός</span> <span class='ocrx_word' id='word_1_49' title='bbox 2711 1053 2811 1112; x_wconf 95' lang='grc' dir='ltr'>μοι</span> <span class='ocrx_word' id='word_1_50' title='bbox 2866 1031 3222 1113; x_wconf 82' lang='grc' dir='ltr'>κεκινῆσθαι</span> <span class='ocrx_word' id='word_1_51' title='bbox 3270 1030 3452 1092; x_wconf 89' lang='grc' dir='ltr'>δοκεῖ.</span> 
     </span>
     <span class='ocr_line' id='line_1_7' title="bbox 773 1143 3454 1236; baseline 0.001 -25"><span class='ocrx_word' id='word_1_52' title='bbox 773 1147 1012 1214; x_wconf 88' lang='lat' dir='ltr'>Zenob.</span> <span class='ocrx_word' id='word_1_53' title='bbox 1051 1148 1115 1211; x_wconf 93' lang='lat' dir='ltr'>II</span> <span class='ocrx_word' id='word_1_54' title='bbox 1156 1151 1236 1210; x_wconf 84' lang='lat'>55</span> <span class='ocrx_word' id='word_1_55' title='bbox 1279 1143 1592 1234; x_wconf 84' lang='grc' dir='ltr'>Ἀνάγυρον</span> <span class='ocrx_word' id='word_1_56' title='bbox 1638 1149 1853 1212; x_wconf 84' lang='grc' dir='ltr'>κινεῖν;</span> <span class='ocrx_word' id='word_1_57' title='bbox 1905 1146 2062 1211; x_wconf 89' lang='grc' dir='ltr'>ἔστιν</span> <span class='ocrx_word' id='word_1_58' title='bbox 2122 1143 2153 1211; x_wconf 80' lang='grc' dir='ltr'><strong>ὃ</strong></span> <span class='ocrx_word' id='word_1_59' title='bbox 2196 1144 2505 1234; x_wconf 86' lang='grc' dir='ltr'>Ἀνάγυρος</span> <span class='ocrx_word' id='word_1_60' title='bbox 2564 1144 2938 1236; x_wconf 72' lang='grc' dir='ltr'>(Ἀναγυροῦς</span> <span class='ocrx_word' id='word_1_61' title='bbox 2984 1149 3454 1231; x_wconf 78' lang='lat' dir='ltr'>Schneidewin)</span> 
     </span>
     <span class='ocr_line' id='line_1_8' title="bbox 773 1259 3455 1356; baseline 0.001 -26"><span class='ocrx_word' id='word_1_62' title='bbox 773 1271 958 1353; x_wconf 79' lang='grc' dir='ltr'>δῆμος</span> <span class='ocrx_word' id='word_1_63' title='bbox 1007 1265 1298 1350; x_wconf 87' lang='grc' dir='ltr'>Ἀττικός,</span> <span class='ocrx_word' id='word_1_64' title='bbox 1360 1267 1510 1332; x_wconf 85' lang='grc' dir='ltr'>ἔνθα</span> <span class='ocrx_word' id='word_1_65' title='bbox 1570 1270 1833 1341; x_wconf 83' lang='grc' dir='ltr'>δυσῶδες</span> <span class='ocrx_word' id='word_1_66' title='bbox 1892 1264 2071 1355; x_wconf 83' lang='grc' dir='ltr'>φυτὸν</span> <span class='ocrx_word' id='word_1_67' title='bbox 2142 1263 2392 1354; x_wconf 83' lang='grc' dir='ltr'>φόεται,</span> <span class='ocrx_word' id='word_1_68' title='bbox 2473 1259 2631 1333; x_wconf 69' lang='grc' dir='ltr'>οὕτω</span> <span class='ocrx_word' id='word_1_69' title='bbox 2704 1264 3070 1354; x_wconf 71' lang='grc' dir='ltr'>καλούμενον</span> <span class='ocrx_word' id='word_1_70' title='bbox 3142 1265 3455 1356; x_wconf 81' lang='grc' dir='ltr'>ἀνάγυρος.</span> 
     </span>
     <span class='ocr_line' id='line_1_9' title="bbox 771 1381 3455 1477; baseline 0 -23"><span class='ocrx_word' id='word_1_71' title='bbox 771 1387 1005 1476; x_wconf 84' lang='grc' dir='ltr'>εἴρηται</span> <span class='ocrx_word' id='word_1_72' title='bbox 1050 1381 1152 1454; x_wconf 77' lang='grc' dir='ltr'>οῦν</span> <span class='ocrx_word' id='word_1_73' title='bbox 1199 1384 1238 1476; x_wconf 77' lang='grc' dir='ltr'>ἡ</span> <span class='ocrx_word' id='word_1_74' title='bbox 1285 1389 1578 1474; x_wconf 82' lang='grc' dir='ltr'>παροιμία</span> <span class='ocrx_word' id='word_1_75' title='bbox 1623 1390 1898 1454; x_wconf 83' lang='grc' dir='ltr'>ἐντεῦθεν</span> <span class='ocrx_word' id='word_1_76' title='bbox 1944 1387 2041 1452; x_wconf 84' lang='grc' dir='ltr'>ἐπὶ</span> <span class='ocrx_word' id='word_1_77' title='bbox 2102 1389 2212 1453; x_wconf 87' lang='grc' dir='ltr'>τῶν</span> <span class='ocrx_word' id='word_1_78' title='bbox 2273 1385 2590 1466; x_wconf 72' lang='grc' dir='ltr'>κινορντων</span> <span class='ocrx_word' id='word_1_79' title='bbox 2647 1387 2779 1454; x_wconf 79' lang='grc' dir='ltr'>τινὰ</span> <span class='ocrx_word' id='word_1_80' title='bbox 2836 1387 2931 1453; x_wconf 85' lang='grc' dir='ltr'>ἐπὶ</span> <span class='ocrx_word' id='word_1_81' title='bbox 2989 1394 3158 1477; x_wconf 82' lang='grc' dir='ltr'>κακῷ</span> <span class='ocrx_word' id='word_1_82' title='bbox 3206 1391 3455 1455; x_wconf 87' lang='grc' dir='ltr'>ἑαυτῶν.</span> 
     </span>
     <span class='ocr_line' id='line_1_10' title="bbox 771 1501 3461 1597; baseline 0.001 -23"><span class='ocrx_word' id='word_1_83' title='bbox 771 1509 923 1582; x_wconf 85' lang='grc' dir='ltr'>τινὲς</span> <span class='ocrx_word' id='word_1_84' title='bbox 970 1509 1035 1574; x_wconf 85' lang='grc' dir='ltr'>δὲ</span> <span class='ocrx_word' id='word_1_85' title='bbox 1083 1511 1355 1595; x_wconf 81' lang='grc' dir='ltr'>λέγουσιν</span> <span class='ocrx_word' id='word_1_86' title='bbox 1411 1503 1502 1573; x_wconf 67' lang='grc' dir='ltr'>ὅτι</span> <span class='ocrx_word' id='word_1_87' title='bbox 1545 1505 1858 1597; x_wconf 83' lang='grc' dir='ltr'>Ἀνάγυρος</span> <span class='ocrx_word' id='word_1_88' title='bbox 1904 1501 2065 1596; x_wconf 74' lang='grc' dir='ltr'>ἥρως</span> <span class='ocrx_word' id='word_1_89' title='bbox 2110 1511 2385 1596; x_wconf 82' lang='grc' dir='ltr'>γέγονεν,</span> <span class='ocrx_word' id='word_1_90' title='bbox 2444 1505 2602 1584; x_wconf 70' lang='grc' dir='ltr'>ὅστις</span> <span class='ocrx_word' id='word_1_91' title='bbox 2661 1508 2796 1583; x_wconf 85' lang='grc' dir='ltr'>τοῦς</span> <span class='ocrx_word' id='word_1_92' title='bbox 2852 1508 3051 1584; x_wconf 77' lang='grc' dir='ltr'>οἴκους</span> <span class='ocrx_word' id='word_1_93' title='bbox 3098 1517 3213 1576; x_wconf 85' lang='grc' dir='ltr'>τῶν</span> <span class='ocrx_word' id='word_1_94' title='bbox 3261 1538 3461 1596; x_wconf 72' lang='grc' dir='ltr'>γειτο-</span> 
     </span>
     <span class='ocr_line' id='line_1_11' title="bbox 774 1626 3463 1719; baseline 0 -23"><span class='ocrx_word' id='word_1_95' title='bbox 774 1628 1030 1697; x_wconf 85' lang='grc' dir='ltr'>νοόντων</span> <span class='ocrx_word' id='word_1_96' title='bbox 1080 1628 1244 1716; x_wconf 77' lang='grc' dir='ltr'>αὐτῷ</span> <span class='ocrx_word' id='word_1_97' title='bbox 1289 1633 1356 1694; x_wconf 87' lang='grc' dir='ltr'>ἐκ</span> <span class='ocrx_word' id='word_1_98' title='bbox 1403 1626 1646 1717; x_wconf 78' lang='grc' dir='ltr'><strong>βάθρων</strong></span> <span class='ocrx_word' id='word_1_99' title='bbox 1696 1627 2088 1718; x_wconf 78' lang='grc' dir='ltr'>ἀνέστρεψεν,</span> <span class='ocrx_word' id='word_1_100' title='bbox 2158 1629 2363 1718; x_wconf 78' lang='grc' dir='ltr'>ἐπειδὴ</span> <span class='ocrx_word' id='word_1_101' title='bbox 2412 1629 2477 1696; x_wconf 86' lang='grc' dir='ltr'>τὸ</span> <span class='ocrx_word' id='word_1_102' title='bbox 2538 1628 2738 1719; x_wconf 82' lang='grc' dir='ltr'>ἡρῷον</span> <span class='ocrx_word' id='word_1_103' title='bbox 2789 1629 2972 1697; x_wconf 86' lang='grc' dir='ltr'>αὐτοῦ</span> <span class='ocrx_word' id='word_1_104' title='bbox 3020 1627 3259 1719; x_wconf 80' lang='grc' dir='ltr'>ῦβρίσαι</span> <span class='ocrx_word' id='word_1_105' title='bbox 3316 1635 3463 1697; x_wconf 86' lang='grc' dir='ltr'>ἐπε-</span> 
     </span>
     <span class='ocr_line' id='line_1_12' title="bbox 771 1733 3456 1843; baseline 0 -26"><span class='ocrx_word' id='word_1_106' title='bbox 771 1753 1081 1838; x_wconf 86' lang='grc' dir='ltr'>χείρησαν.</span> <span class='ocrx_word' id='word_1_107' title='bbox 1201 1752 1512 1843; x_wconf 25' lang='grc' dir='ltr'>μέμνηται,</span> <span class='ocrx_word' id='word_1_108' title='bbox 1551 1747 1770 1838; x_wconf 75' lang='grc' dir='ltr'>ταύτης</span> <span class='ocrx_word' id='word_1_109' title='bbox 1824 1747 2246 1840; x_wconf 81' lang='grc' dir='ltr'>Ἀριστοφάνης</span> <span class='ocrx_word' id='word_1_110' title='bbox 2306 1755 2368 1817; x_wconf 88' lang='grc' dir='ltr'>ἐν</span> <span class='ocrx_word' id='word_1_111' title='bbox 2428 1733 2828 1840; x_wconf 67' lang='grc' dir='ltr'>Λυσιστράτη.</span> <span class='ocrx_word' id='word_1_112' title='bbox 2947 1753 3223 1836; x_wconf 85' lang='lat' dir='ltr'>Diogen.</span> <span class='ocrx_word' id='word_1_113' title='bbox 3287 1755 3319 1818; x_wconf 99' lang='grc' dir='ltr'>Ι</span> <span class='ocrx_word' id='word_1_114' title='bbox 3380 1758 3456 1818; x_wconf 82' lang='lat'>25</span> 
     </span>
     <span class='ocr_line' id='line_1_13' title="bbox 768 1853 3517 1963; baseline 0 -25"><span class='ocrx_word' id='word_1_115' title='bbox 768 1869 1089 1959; x_wconf 85' lang='grc' dir='ltr'>Ἀνάγυρον</span> <span class='ocrx_word' id='word_1_116' title='bbox 1149 1853 1365 1946; x_wconf 78' lang='grc' dir='ltr'>κινεῖςε</span> <span class='ocrx_word' id='word_1_117' title='bbox 1431 1869 1526 1936; x_wconf 85' lang='grc' dir='ltr'>ἐπὶ</span> <span class='ocrx_word' id='word_1_118' title='bbox 1583 1876 1699 1936; x_wconf 92' lang='grc' dir='ltr'>τῶν</span> <span class='ocrx_word' id='word_1_119' title='bbox 1747 1867 2065 1938; x_wconf 80' lang='grc' dir='ltr'>κινούντων</span> <span class='ocrx_word' id='word_1_120' title='bbox 2111 1871 2242 1938; x_wconf 81' lang='grc' dir='ltr'>τινὰ</span> <span class='ocrx_word' id='word_1_121' title='bbox 2299 1871 2393 1939; x_wconf 86' lang='grc' dir='ltr'>ἐπὶ</span> <span class='ocrx_word' id='word_1_122' title='bbox 2422 1878 2533 1961; x_wconf 85' lang='grc' dir='ltr'>·τῷ’</span> <span class='ocrx_word' id='word_1_123' title='bbox 2579 1877 2803 1939; x_wconf 82' lang='grc' dir='ltr'>ἑαυτῶν</span> <span class='ocrx_word' id='word_1_124' title='bbox 2863 1878 3055 1963; x_wconf 79' lang='grc' dir='ltr'>κακῷ.</span> <span class='ocrx_word' id='word_1_125' title='bbox 3141 1870 3457 1961; x_wconf 83' lang='grc' dir='ltr'>Ἀνάγυρος</span> <span class='ocrx_word' id='word_1_126' title='bbox 3510 1925 3517 1932; x_wconf 94' lang='grc'>.</span> 
     </span>
     <span class='ocr_line' id='line_1_14' title="bbox 772 1986 3463 2083; baseline -0.001 -23"><span class='ocrx_word' id='word_1_127' title='bbox 772 1990 884 2082; x_wconf 84' lang='grc' dir='ltr'>γάρ</span> <span class='ocrx_word' id='word_1_128' title='bbox 942 2021 1027 2068; x_wconf 88' lang='grc' dir='ltr'>τις</span> <span class='ocrx_word' id='word_1_129' title='bbox 1086 1986 1246 2080; x_wconf 78' lang='grc' dir='ltr'>ἦρως</span> <span class='ocrx_word' id='word_1_130' title='bbox 1302 1989 1620 2081; x_wconf 83' lang='grc' dir='ltr'>ἐπιχώριος</span> <span class='ocrx_word' id='word_1_131' title='bbox 1677 1989 1811 2066; x_wconf 86' lang='grc' dir='ltr'>τοῦς</span> <span class='ocrx_word' id='word_1_132' title='bbox 1869 1997 2273 2079; x_wconf 80' lang='grc' dir='ltr'>γειτονοῦντας</span> <span class='ocrx_word' id='word_1_133' title='bbox 2332 1996 2401 2059; x_wconf 86' lang='grc' dir='ltr'>ἐκ</span> <span class='ocrx_word' id='word_1_134' title='bbox 2450 1995 2694 2083; x_wconf 79' lang='grc' dir='ltr'>βάθρων</span> <span class='ocrx_word' id='word_1_135' title='bbox 2743 1993 3093 2082; x_wconf 81' lang='grc' dir='ltr'>ἀνέτρεψεν,</span> <span class='ocrx_word' id='word_1_136' title='bbox 3148 1992 3355 2080; x_wconf 77' lang='grc' dir='ltr'>ἐπειδὴ</span> <span class='ocrx_word' id='word_1_137' title='bbox 3400 1992 3463 2058; x_wconf 85' lang='grc' dir='ltr'>τὸ</span> 
     </span>
     <span class='ocr_line' id='line_1_15' title="bbox 776 2111 3458 2202; baseline 0 -22"><span class='ocrx_word' id='word_1_138' title='bbox 776 2112 978 2202; x_wconf 75' lang='grc' dir='ltr'>ἡρῷον</span> <span class='ocrx_word' id='word_1_139' title='bbox 1014 2111 1196 2181; x_wconf 78' lang='grc' dir='ltr'>αὐτοῦ</span> <span class='ocrx_word' id='word_1_140' title='bbox 1229 2111 1472 2202; x_wconf 84' lang='grc' dir='ltr'>ῦβρίσαι</span> <span class='ocrx_word' id='word_1_141' title='bbox 1502 2115 1923 2202; x_wconf 87' lang='grc' dir='ltr'>ἐπεχείρησαν.</span> <span class='ocrx_word' id='word_1_142' title='bbox 1962 2115 2058 2180; x_wconf 84' lang='lat' dir='ltr'>Cf.</span> <span class='ocrx_word' id='word_1_143' title='bbox 2100 2116 2292 2181; x_wconf 87' lang='lat' dir='ltr'>etiam</span> <span class='ocrx_word' id='word_1_144' title='bbox 2338 2115 2370 2179; x_wconf 98' lang='lat' dir='ltr'>I</span> <span class='ocrx_word' id='word_1_145' title='bbox 2402 2119 2483 2180; x_wconf 84' lang='lat'>52</span> <span class='ocrx_word' id='word_1_146' title='bbox 2522 2117 2832 2201; x_wconf 82' lang='lat' dir='ltr'>(Apostol.</span> <span class='ocrx_word' id='word_1_147' title='bbox 2868 2117 2966 2181; x_wconf 93' lang='lat' dir='ltr'>IX</span> <span class='ocrx_word' id='word_1_148' title='bbox 2997 2117 3127 2199; x_wconf 88' lang='grc'>99).</span> <span class='ocrx_word' id='word_1_149' title='bbox 3199 2116 3458 2200; x_wconf 82' lang='lat' dir='ltr'>Gregor.</span> 
     </span>
     <span class='ocr_line' id='line_1_16' title="bbox 775 2233 3467 2324; baseline 0 -22"><span class='ocrx_word' id='word_1_150' title='bbox 775 2237 969 2322; x_wconf 86' lang='lat' dir='ltr'>Cypr.</span> <span class='ocrx_word' id='word_1_151' title='bbox 1023 2237 1163 2302; x_wconf 84' lang='lat' dir='ltr'>eod.</span> <span class='ocrx_word' id='word_1_152' title='bbox 1217 2237 1417 2318; x_wconf 80' lang='lat' dir='ltr'>Mosq.</span> <span class='ocrx_word' id='word_1_153' title='bbox 1467 2236 1500 2299; x_wconf 95' lang='lat' dir='ltr'>I</span> <span class='ocrx_word' id='word_1_154' title='bbox 1547 2238 1650 2300; x_wconf 72' lang='lat'>22.</span> <span class='ocrx_word' id='word_1_155' title='bbox 1745 2235 1876 2300; x_wconf 87' lang='lat' dir='ltr'>Alii</span> <span class='ocrx_word' id='word_1_156' title='bbox 1922 2237 2326 2320; x_wconf 83' lang='lat' dir='ltr'>proverbium</span> <span class='ocrx_word' id='word_1_157' title='bbox 2374 2258 2412 2301; x_wconf 85' lang='lat' dir='ltr'>a</span> <span class='ocrx_word' id='word_1_158' title='bbox 2457 2238 2681 2320; x_wconf 86' lang='lat' dir='ltr'>planta</span> <span class='ocrx_word' id='word_1_159' title='bbox 2726 2257 2892 2319; x_wconf 88' lang='lat' dir='ltr'>quae</span> <span class='ocrx_word' id='word_1_160' title='bbox 2938 2233 3232 2324; x_wconf 81' lang='grc' dir='ltr'>ἀνάγυρος</span> <span class='ocrx_word' id='word_1_161' title='bbox 3277 2258 3467 2302; x_wconf 83' lang='lat' dir='ltr'>voea-</span> 
     </span>
     <span class='ocr_line' id='line_1_17' title="bbox 777 2356 3468 2446; baseline 0 -24"><span class='ocrx_word' id='word_1_162' title='bbox 777 2359 968 2423; x_wconf 87' lang='lat' dir='ltr'>batur</span> <span class='ocrx_word' id='word_1_163' title='bbox 1012 2359 1369 2439; x_wconf 73' lang='lat' dir='ltr'>nemenque</span> <span class='ocrx_word' id='word_1_164' title='bbox 1414 2378 1583 2442; x_wconf 85' lang='lat' dir='ltr'>pago</span> <span class='ocrx_word' id='word_1_165' title='bbox 1614 2356 1885 2422; x_wconf 87' lang='lat' dir='ltr'>dederat</span> <span class='ocrx_word' id='word_1_166' title='bbox 1913 2394 2001 2404; x_wconf 90' lang='lat'>-—</span> <span class='ocrx_word' id='word_1_167' title='bbox 2030 2377 2110 2421; x_wconf 90' lang='lat' dir='ltr'>ex</span> <span class='ocrx_word' id='word_1_168' title='bbox 2156 2357 2313 2440; x_wconf 85' lang='lat' dir='ltr'>pagi</span> <span class='ocrx_word' id='word_1_169' title='bbox 2358 2363 2573 2423; x_wconf 86' lang='lat' dir='ltr'>autem</span> <span class='ocrx_word' id='word_1_170' title='bbox 2603 2358 2859 2423; x_wconf 90' lang='lat' dir='ltr'>nomine</span> <span class='ocrx_word' id='word_1_171' title='bbox 2890 2358 3099 2424; x_wconf 78' lang='lat' dir='ltr'>faetus</span> <span class='ocrx_word' id='word_1_172' title='bbox 3146 2364 3246 2446; x_wconf 82' lang='lat' dir='ltr'>est</span> <span class='ocrx_word' id='word_1_173' title='bbox 3280 2359 3468 2424; x_wconf 79' lang='lat' dir='ltr'>heros</span> 
     </span>
     <span class='ocr_line' id='line_1_18' title="bbox 779 2475 3466 2566; baseline -0.001 -22"><span class='ocrx_word' id='word_1_174' title='bbox 779 2516 856 2526; x_wconf 93' lang='lat'>-—</span> <span class='ocrx_word' id='word_1_175' title='bbox 910 2478 1314 2544; x_wconf 80' lang='lat' dir='ltr'>derivabant.</span> <span class='ocrx_word' id='word_1_176' title='bbox 1408 2479 1484 2543; x_wconf 94' lang='lat' dir='ltr'>V.</span> <span class='ocrx_word' id='word_1_177' title='bbox 1523 2478 1767 2543; x_wconf 88' lang='lat' dir='ltr'>Zenob.</span> <span class='ocrx_word' id='word_1_178' title='bbox 1803 2478 1849 2542; x_wconf 91' lang='lat' dir='ltr'>l.</span> <span class='ocrx_word' id='word_1_179' title='bbox 1888 2497 1941 2542; x_wconf 80' lang='lat' dir='ltr'>e.</span> <span class='ocrx_word' id='word_1_180' title='bbox 2038 2477 2250 2542; x_wconf 81' lang='lat' dir='ltr'>Schol.</span> <span class='ocrx_word' id='word_1_181' title='bbox 2291 2477 2615 2562; x_wconf 77' lang='lat' dir='ltr'>Aristoph.</span> <span class='ocrx_word' id='word_1_182' title='bbox 2657 2480 2700 2542; x_wconf 92' lang='lat' dir='ltr'>l.</span> <span class='ocrx_word' id='word_1_183' title='bbox 2740 2499 2795 2543; x_wconf 81' lang='lat' dir='ltr'>e.</span> <span class='ocrx_word' id='word_1_184' title='bbox 2856 2475 3020 2566; x_wconf 79' lang='grc' dir='ltr'>παρά</span> <span class='ocrx_word' id='word_1_185' title='bbox 3078 2476 3185 2566; x_wconf 76' lang='grc' dir='ltr'>τὴν</span> <span class='ocrx_word' id='word_1_186' title='bbox 3243 2504 3466 2565; x_wconf 87' lang='grc' dir='ltr'>παροι-</span> 
     </span>
     <span class='ocr_line' id='line_1_19' title="bbox 782 2593 3467 2686; baseline -0 -23"><span class='ocrx_word' id='word_1_187' title='bbox 782 2600 917 2685; x_wconf 84' lang='grc' dir='ltr'>μίαν</span> <span class='ocrx_word' id='word_1_188' title='bbox 972 2596 1236 2685; x_wconf 84' lang='grc' dir='ltr'>(κινήσω</span> <span class='ocrx_word' id='word_1_189' title='bbox 1280 2596 1378 2663; x_wconf 86' lang='grc' dir='ltr'>τὸν</span> <span class='ocrx_word' id='word_1_190' title='bbox 1426 2596 1772 2686; x_wconf 79' lang='grc' dir='ltr'>ἀνάγυρον’.</span> <span class='ocrx_word' id='word_1_191' title='bbox 1866 2600 1992 2664; x_wconf 86' lang='grc' dir='ltr'>ἔστι</span> <span class='ocrx_word' id='word_1_192' title='bbox 2038 2598 2103 2663; x_wconf 89' lang='grc' dir='ltr'>δὲ</span> <span class='ocrx_word' id='word_1_193' title='bbox 2147 2593 2266 2663; x_wconf 87' lang='grc' dir='ltr'>πόα</span> <span class='ocrx_word' id='word_1_194' title='bbox 2312 2595 2607 2685; x_wconf 82' lang='grc' dir='ltr'>δυσώδης.</span> <span class='ocrx_word' id='word_1_195' title='bbox 2687 2600 2923 2665; x_wconf 78' lang='lat' dir='ltr'>Suidas</span> <span class='ocrx_word' id='word_1_196' title='bbox 2956 2621 3007 2665; x_wconf 81' lang='lat' dir='ltr'>s.</span> <span class='ocrx_word' id='word_1_197' title='bbox 3045 2623 3107 2666; x_wconf 86' lang='lat' dir='ltr'>v.</span> <span class='ocrx_word' id='word_1_198' title='bbox 3152 2598 3467 2685; x_wconf 81' lang='grc' dir='ltr'>Ἀνάγυρος</span> 
     </span>
     <span class='ocr_line' id='line_1_20' title="bbox 791 2712 3462 2807; baseline -0 -21"><span class='ocrx_word' id='word_1_199' title='bbox 791 2728 1004 2801; x_wconf 79' lang='lat' dir='ltr'>(mant.</span> <span class='ocrx_word' id='word_1_200' title='bbox 1059 2721 1353 2805; x_wconf 86' lang='lat' dir='ltr'>proverb.</span> <span class='ocrx_word' id='word_1_201' title='bbox 1406 2721 1438 2784; x_wconf 99' lang='grc' dir='ltr'>Ι</span> <span class='ocrx_word' id='word_1_202' title='bbox 1483 2723 1582 2805; x_wconf 88' lang='grc'>94)</span> <span class='ocrx_word' id='word_1_203' title='bbox 1620 2744 1631 2788; x_wconf 89' lang='grc'>;</span> <span class='ocrx_word' id='word_1_204' title='bbox 1693 2722 1903 2806; x_wconf 80' lang='grc' dir='ltr'>[δῆμος</span> <span class='ocrx_word' id='word_1_205' title='bbox 1946 2726 2050 2804; x_wconf 79' lang='grc' dir='ltr'>τῆς</span> <span class='ocrx_word' id='word_1_206' title='bbox 2088 2717 2375 2805; x_wconf 80' lang='grc' dir='ltr'>Ἀττικῆς.</span> <span class='ocrx_word' id='word_1_207' title='bbox 2448 2718 2569 2802; x_wconf 83' lang='grc' dir='ltr'>καὶ]</span> <span class='ocrx_word' id='word_1_208' title='bbox 2623 2712 2805 2794; x_wconf 77' lang='grc' dir='ltr'>ἄνθος</span> <span class='ocrx_word' id='word_1_209' title='bbox 2845 2713 2882 2785; x_wconf 71' lang='grc' dir='ltr'>δ</span> <span class='ocrx_word' id='word_1_210' title='bbox 2928 2717 3271 2807; x_wconf 85' lang='grc' dir='ltr'>τριβόμενον</span> <span class='ocrx_word' id='word_1_211' title='bbox 3318 2714 3462 2792; x_wconf 67' lang='grc' dir='ltr'>ὄζει.</span> 
     </span>
     <span class='ocr_line' id='line_1_21' title="bbox 781 2821 3468 2929; baseline 0 -24"><span class='ocrx_word' id='word_1_212' title='bbox 781 2842 881 2907; x_wconf 85' lang='grc' dir='ltr'>καὶ</span> <span class='ocrx_word' id='word_1_213' title='bbox 926 2842 1220 2929; x_wconf 87' lang='grc' dir='ltr'>παροιμία</span> <span class='ocrx_word' id='word_1_214' title='bbox 1266 2843 1540 2906; x_wconf 84' lang='grc' dir='ltr'>ἐντεῦθεν</span> <span class='ocrx_word' id='word_1_215' title='bbox 1595 2821 1811 2913; x_wconf 86' lang='grc' dir='ltr'>(κινεῖς</span> <span class='ocrx_word' id='word_1_216' title='bbox 1856 2838 1956 2905; x_wconf 82' lang='grc' dir='ltr'>τὸν</span> <span class='ocrx_word' id='word_1_217' title='bbox 2004 2837 2326 2928; x_wconf 79' lang='grc' dir='ltr'>ἀνάγυρον’</span> <span class='ocrx_word' id='word_1_218' title='bbox 2374 2839 2470 2905; x_wconf 88' lang='grc' dir='ltr'>ἐπὶ</span> <span class='ocrx_word' id='word_1_219' title='bbox 2512 2845 2629 2906; x_wconf 89' lang='grc' dir='ltr'>τῶν</span> <span class='ocrx_word' id='word_1_220' title='bbox 2662 2843 3088 2926; x_wconf 85' lang='grc' dir='ltr'>ἐπισπωμένων</span> <span class='ocrx_word' id='word_1_221' title='bbox 3121 2844 3353 2915; x_wconf 84' lang='grc' dir='ltr'>ἑαυτοῖς</span> <span class='ocrx_word' id='word_1_222' title='bbox 3397 2839 3468 2906; x_wconf 80' lang='grc' dir='ltr'>τὰ</span> 
     </span>
     <span class='ocr_line' id='line_1_22' title="bbox 779 2958 3463 3049; baseline -0 -22"><span class='ocrx_word' id='word_1_223' title='bbox 779 2959 959 3029; x_wconf 89' lang='grc' dir='ltr'>κακά.</span> <span class='ocrx_word' id='word_1_224' title='bbox 1057 2984 1108 3027; x_wconf 78' lang='lat' dir='ltr'>s.</span> <span class='ocrx_word' id='word_1_225' title='bbox 1161 2974 1224 3027; x_wconf 78' lang='lat' dir='ltr'>V.</span> <span class='ocrx_word' id='word_1_226' title='bbox 1276 2965 1455 3035; x_wconf 85' lang='grc' dir='ltr'>κινεῖς</span> <span class='ocrx_word' id='word_1_227' title='bbox 1513 2958 1610 3027; x_wconf 81' lang='grc' dir='ltr'>τὸν</span> <span class='ocrx_word' id='word_1_228' title='bbox 1672 2958 1998 3049; x_wconf 75' lang='grc' dir='ltr'>ἀνάγυρονῑ</span> <span class='ocrx_word' id='word_1_229' title='bbox 2082 2959 2177 3025; x_wconf 88' lang='grc' dir='ltr'>ἐπὶ</span> <span class='ocrx_word' id='word_1_230' title='bbox 2220 2966 2335 3027; x_wconf 89' lang='grc' dir='ltr'>τῶν</span> <span class='ocrx_word' id='word_1_231' title='bbox 2384 2965 2809 3048; x_wconf 86' lang='grc' dir='ltr'>ἐπισπωμένων</span> <span class='ocrx_word' id='word_1_232' title='bbox 2871 2964 3100 3036; x_wconf 83' lang='grc' dir='ltr'>ἑαυτοῖς</span> <span class='ocrx_word' id='word_1_233' title='bbox 3156 2959 3230 3027; x_wconf 80' lang='grc' dir='ltr'>τὰ</span> <span class='ocrx_word' id='word_1_234' title='bbox 3284 2958 3463 3027; x_wconf 91' lang='grc' dir='ltr'>κακά.</span> 
     </span>
     <span class='ocr_line' id='line_1_23' title="bbox 778 3062 3461 3170; baseline -0.001 -21"><span class='ocrx_word' id='word_1_235' title='bbox 778 3085 902 3149; x_wconf 83' lang='grc' dir='ltr'>ἔστι</span> <span class='ocrx_word' id='word_1_236' title='bbox 948 3067 1013 3148; x_wconf 76' lang='grc' dir='ltr'>δὲ</span> <span class='ocrx_word' id='word_1_237' title='bbox 1057 3079 1122 3150; x_wconf 84' lang='grc' dir='ltr'>τὸ</span> <span class='ocrx_word' id='word_1_238' title='bbox 1168 3079 1350 3169; x_wconf 85' lang='grc' dir='ltr'>φυτὸν</span> <span class='ocrx_word' id='word_1_239' title='bbox 1397 3079 1428 3147; x_wconf 82' lang='grc' dir='ltr'><strong>ὃ</strong></span> <span class='ocrx_word' id='word_1_240' title='bbox 1478 3078 1771 3170; x_wconf 83' lang='grc' dir='ltr'>ἀνάγυρος</span> <span class='ocrx_word' id='word_1_241' title='bbox 1835 3062 2098 3155; x_wconf 83' lang='grc' dir='ltr'>δυσῶδες</span> <span class='ocrx_word' id='word_1_242' title='bbox 2142 3080 2510 3170; x_wconf 85' lang='grc' dir='ltr'>τριβόμενον.</span> <span class='ocrx_word' id='word_1_243' title='bbox 2605 3084 2888 3167; x_wconf 78' lang='lat' dir='ltr'>Heeyoh.</span> <span class='ocrx_word' id='word_1_244' title='bbox 2943 3080 3238 3170; x_wconf 81' lang='grc' dir='ltr'>ἀνάγυρον</span> <span class='ocrx_word' id='word_1_245' title='bbox 3284 3085 3461 3148; x_wconf 88' lang='grc' dir='ltr'>κινεῖν</span> 
     </span>
     <span class='ocr_line' id='line_1_24' title="bbox 789 3200 3469 3291; baseline -0 -21"><span class='ocrx_word' id='word_1_246' title='bbox 789 3202 938 3289; x_wconf 80' lang='grc' dir='ltr'>(κινὴ</span> <span class='ocrx_word' id='word_1_247' title='bbox 988 3204 1208 3284; x_wconf 78' lang='lat' dir='ltr'>codex,</span> <span class='ocrx_word' id='word_1_248' title='bbox 1264 3224 1387 3269; x_wconf 91' lang='lat' dir='ltr'>em.</span> <span class='ocrx_word' id='word_1_249' title='bbox 1426 3204 1705 3284; x_wconf 73' lang='lat' dir='ltr'>Schow&#39;J·</span> <span class='ocrx_word' id='word_1_250' title='bbox 1782 3200 2391 3290; x_wconf 40' lang='grc' dir='ltr'>παροιμία-(κινήσω</span> <span class='ocrx_word' id='word_1_251' title='bbox 2434 3200 2532 3268; x_wconf 87' lang='grc' dir='ltr'>τὸν</span> <span class='ocrx_word' id='word_1_252' title='bbox 2582 3200 2907 3291; x_wconf 81' lang='grc' dir='ltr'>ἀνάγυρον’</span> <span class='ocrx_word' id='word_1_253' title='bbox 2958 3202 3058 3269; x_wconf 78' lang='grc' dir='ltr'>διὰ</span> <span class='ocrx_word' id='word_1_254' title='bbox 3104 3200 3167 3270; x_wconf 82' lang='grc' dir='ltr'>τὸ</span> <span class='ocrx_word' id='word_1_255' title='bbox 3218 3208 3469 3275; x_wconf 83' lang='grc' dir='ltr'>δυσῶδες</span> 
     </span>
     <span class='ocr_line' id='line_1_25' title="bbox 781 3321 3470 3414; baseline -0.001 -22"><span class='ocrx_word' id='word_1_256' title='bbox 781 3323 961 3414; x_wconf 86' lang='grc' dir='ltr'>φυτὸν</span> <span class='ocrx_word' id='word_1_257' title='bbox 1024 3322 1234 3391; x_wconf 81' lang='grc' dir='ltr'>αὐτόθι</span> <span class='ocrx_word' id='word_1_258' title='bbox 1295 3321 1578 3412; x_wconf 75' lang='grc' dir='ltr'>φύεσθαι.</span> <span class='ocrx_word' id='word_1_259' title='bbox 1674 3326 1881 3390; x_wconf 82' lang='lat' dir='ltr'>Bekk.</span> <span class='ocrx_word' id='word_1_260' title='bbox 1950 3324 2173 3390; x_wconf 78' lang='lat' dir='ltr'>anecd.</span> <span class='ocrx_word' id='word_1_261' title='bbox 2237 3346 2301 3409; x_wconf 89' lang='lat' dir='ltr'>p.</span> <span class='ocrx_word' id='word_1_262' title='bbox 2370 3329 2490 3389; x_wconf 76' lang='lat'>210</span> <span class='ocrx_word' id='word_1_263' title='bbox 2544 3321 2999 3411; x_wconf 74' lang='grc' dir='ltr'>Ἀναγυράσιοςε</span> <span class='ocrx_word' id='word_1_264' title='bbox 3071 3323 3101 3389; x_wconf 80' lang='grc' dir='ltr'><strong>ὃ</strong></span> <span class='ocrx_word' id='word_1_265' title='bbox 3157 3322 3470 3412; x_wconf 81' lang='grc' dir='ltr'>Ἀνάγυρος</span> 
     </span>
     <span class='ocr_line' id='line_1_26' title="bbox 790 3442 3468 3534; baseline -0.001 -22"><span class='ocrx_word' id='word_1_266' title='bbox 790 3442 1170 3534; x_wconf 78' lang='grc' dir='ltr'>(Ἀναγυροῦς</span> <span class='ocrx_word' id='word_1_267' title='bbox 1215 3446 1492 3529; x_wconf 89' lang='lat' dir='ltr'>Bekker)</span> <span class='ocrx_word' id='word_1_268' title='bbox 1551 3450 1739 3531; x_wconf 84' lang='grc' dir='ltr'>δῆμος</span> <span class='ocrx_word' id='word_1_269' title='bbox 1783 3450 1890 3530; x_wconf 82' lang='grc' dir='ltr'>τῆς</span> <span class='ocrx_word' id='word_1_270' title='bbox 1928 3444 2223 3529; x_wconf 81' lang='grc' dir='ltr'>Ἀττικῆς,</span> <span class='ocrx_word' id='word_1_271' title='bbox 2284 3445 2433 3511; x_wconf 87' lang='grc' dir='ltr'>ἔνθα</span> <span class='ocrx_word' id='word_1_272' title='bbox 2494 3447 2595 3510; x_wconf 90' lang='grc' dir='ltr'>καὶ</span> <span class='ocrx_word' id='word_1_273' title='bbox 2642 3443 2823 3532; x_wconf 87' lang='grc' dir='ltr'>φυτὸν</span> <span class='ocrx_word' id='word_1_274' title='bbox 2870 3442 3085 3533; x_wconf 79' lang='grc' dir='ltr'>φύεται</span> <span class='ocrx_word' id='word_1_275' title='bbox 3132 3450 3393 3519; x_wconf 89' lang='grc' dir='ltr'>δυσῶδες</span> <span class='ocrx_word' id='word_1_276' title='bbox 3437 3442 3468 3509; x_wconf 78' lang='grc' dir='ltr'><strong>ὃ</strong></span> 
     </span>
     <span class='ocr_line' id='line_1_27' title="bbox 783 3560 3473 3662; baseline -0 -30"><span class='ocrx_word' id='word_1_277' title='bbox 783 3566 1112 3655; x_wconf 79' lang='grc' dir='ltr'>ἀνάγυρός,</span> <span class='ocrx_word' id='word_1_278' title='bbox 1179 3565 1265 3653; x_wconf 82' lang='grc' dir='ltr'>ἐφ’</span> <span class='ocrx_word' id='word_1_279' title='bbox 1322 3560 1391 3631; x_wconf 80' lang='grc' dir='ltr'>οῦ</span> <span class='ocrx_word' id='word_1_280' title='bbox 1452 3569 1690 3662; x_wconf 81' lang='grc' dir='ltr'>λέγεται</span> <span class='ocrx_word' id='word_1_281' title='bbox 1750 3564 1831 3652; x_wconf 84' lang='grc' dir='ltr'>μὴ</span> <span class='ocrx_word' id='word_1_282' title='bbox 1878 3568 2059 3631; x_wconf 81' lang='grc' dir='ltr'>κινεῖν</span> <span class='ocrx_word' id='word_1_283' title='bbox 2105 3562 2202 3631; x_wconf 85' lang='grc' dir='ltr'>τὸν</span> <span class='ocrx_word' id='word_1_284' title='bbox 2264 3562 2578 3653; x_wconf 81' lang='grc' dir='ltr'>ἆνάγυρον.</span> <span class='ocrx_word' id='word_1_285' title='bbox 2676 3567 2829 3631; x_wconf 87' lang='lat' dir='ltr'>Lex.</span> <span class='ocrx_word' id='word_1_286' title='bbox 2886 3567 3083 3632; x_wconf 80' lang='lat' dir='ltr'>Coisl.</span> <span class='ocrx_word' id='word_1_287' title='bbox 3134 3568 3203 3632; x_wconf 91' lang='lat' dir='ltr'>in</span> <span class='ocrx_word' id='word_1_288' title='bbox 3246 3587 3473 3652; x_wconf 86' lang='lat' dir='ltr'>paroe-</span> 
     </span>
     <span class='ocr_line' id='line_1_28' title="bbox 761 3680 3474 3775; baseline -0.001 -22"><span class='ocrx_word' id='word_1_289' title='bbox 761 3683 1007 3774; x_wconf 47' lang='lat' dir='ltr'>&#39;miogln</span> <span class='ocrx_word' id='word_1_290' title='bbox 1060 3689 1158 3753; x_wconf 89' lang='lat' dir='ltr'>ed.</span> <span class='ocrx_word' id='word_1_291' title='bbox 1213 3688 1498 3771; x_wconf 83' lang='lat' dir='ltr'>Gotting.</span> <span class='ocrx_word' id='word_1_292' title='bbox 1551 3688 1582 3751; x_wconf 94' lang='lat' dir='ltr'>I</span> <span class='ocrx_word' id='word_1_293' title='bbox 1626 3708 1692 3772; x_wconf 87' lang='lat' dir='ltr'>p.</span> <span class='ocrx_word' id='word_1_294' title='bbox 1731 3692 1812 3751; x_wconf 88' lang='grc'>46</span> <span class='ocrx_word' id='word_1_295' title='bbox 1861 3682 2177 3772; x_wconf 72' lang='grc' dir='ltr'>Ἀνάγυρος</span> <span class='ocrx_word' id='word_1_296' title='bbox 2225 3689 2409 3771; x_wconf 80' lang='grc' dir='ltr'>δῆμος</span> <span class='ocrx_word' id='word_1_297' title='bbox 2455 3692 2559 3771; x_wconf 82' lang='grc' dir='ltr'>τῆς</span> <span class='ocrx_word' id='word_1_298' title='bbox 2596 3684 2881 3772; x_wconf 78' lang='grc' dir='ltr'>Ἀττικῆς,</span> <span class='ocrx_word' id='word_1_299' title='bbox 2934 3686 3087 3751; x_wconf 90' lang='grc' dir='ltr'>ἔνθα</span> <span class='ocrx_word' id='word_1_300' title='bbox 3130 3680 3203 3771; x_wconf 77' lang='grc' dir='ltr'>ἦν</span> <span class='ocrx_word' id='word_1_301' title='bbox 3254 3688 3474 3775; x_wconf 82' lang='grc' dir='ltr'>βορβο-</span> 
     </span>
     <span class='ocr_line' id='line_1_29' title="bbox 785 3802 3468 3897; baseline -0.002 -23"><span class='ocrx_word' id='word_1_302' title='bbox 785 3807 983 3897; x_wconf 80' lang='grc' dir='ltr'>ρώδης</span> <span class='ocrx_word' id='word_1_303' title='bbox 1034 3805 1216 3882; x_wconf 70' lang='grc' dir='ltr'>τόπος</span> <span class='ocrx_word' id='word_1_304' title='bbox 1261 3806 1583 3875; x_wconf 85' lang='grc' dir='ltr'>κάντεῦθεν</span> <span class='ocrx_word' id='word_1_305' title='bbox 1633 3805 1942 3893; x_wconf 81' lang='grc' dir='ltr'>δυσώδης,</span> <span class='ocrx_word' id='word_1_306' title='bbox 1994 3802 2058 3880; x_wconf 80' lang='grc' dir='ltr'>ὃς</span> <span class='ocrx_word' id='word_1_307' title='bbox 2104 3804 2445 3891; x_wconf 76' lang='grc' dir='ltr'>κινούμενος</span> <span class='ocrx_word' id='word_1_308' title='bbox 2490 3804 2716 3893; x_wconf 76' lang='grc' dir='ltr'>πολλὴν</span> <span class='ocrx_word' id='word_1_309' title='bbox 2763 3807 2953 3873; x_wconf 85' lang='grc' dir='ltr'>ἐποίει</span> <span class='ocrx_word' id='word_1_310' title='bbox 2995 3805 3101 3893; x_wconf 80' lang='grc' dir='ltr'>τήν</span> <span class='ocrx_word' id='word_1_311' title='bbox 3151 3808 3468 3872; x_wconf 89' lang='grc' dir='ltr'>δυσωδίαν.</span> 
     </span>
     <span class='ocr_line' id='line_1_30' title="bbox 781 3925 3477 4016; baseline -0.001 -21"><span class='ocrx_word' id='word_1_312' title='bbox 781 3933 1054 3996; x_wconf 87' lang='grc' dir='ltr'>ἐντεῦθεν</span> <span class='ocrx_word' id='word_1_313' title='bbox 1087 3927 1456 4016; x_wconf 84' lang='grc' dir='ltr'>ἐπεκράτησε</span> <span class='ocrx_word' id='word_1_314' title='bbox 1501 3927 1602 3994; x_wconf 88' lang='grc' dir='ltr'>καὶ</span> <span class='ocrx_word' id='word_1_315' title='bbox 1645 3930 1939 4016; x_wconf 85' lang='grc' dir='ltr'>παροιμία</span> <span class='ocrx_word' id='word_1_316' title='bbox 1992 3930 2205 4000; x_wconf 92' lang='grc' dir='ltr'>(κινεῖς</span> <span class='ocrx_word' id='word_1_317' title='bbox 2236 3925 2333 3991; x_wconf 84' lang='grc' dir='ltr'>τὸν</span> <span class='ocrx_word' id='word_1_318' title='bbox 2373 3925 2715 4015; x_wconf 81' lang='grc' dir='ltr'>Ἀνάγυρον’</span> <span class='ocrx_word' id='word_1_319' title='bbox 2764 3929 2859 3994; x_wconf 86' lang='grc' dir='ltr'>ἐπὶ</span> <span class='ocrx_word' id='word_1_320' title='bbox 2905 3935 3022 3993; x_wconf 92' lang='grc' dir='ltr'>τῶν</span> <span class='ocrx_word' id='word_1_321' title='bbox 3055 3930 3291 4000; x_wconf 83' lang='grc' dir='ltr'>ἑαυτοῖς</span> <span class='ocrx_word' id='word_1_322' title='bbox 3336 3930 3477 3992; x_wconf 86' lang='grc' dir='ltr'>ἐπι-</span> 
     </span>
     <span class='ocr_line' id='line_1_31' title="bbox 787 4042 3473 4136; baseline -0.002 -19"><span class='ocrx_word' id='word_1_323' title='bbox 787 4048 1107 4118; x_wconf 82' lang='grc' dir='ltr'>κινοόντων</span> <span class='ocrx_word' id='word_1_324' title='bbox 1154 4047 1334 4116; x_wconf 87' lang='grc' dir='ltr'>κακά.</span> <span class='ocrx_word' id='word_1_325' title='bbox 1414 4050 1562 4115; x_wconf 85' lang='grc' dir='ltr'>ἔνιοι</span> <span class='ocrx_word' id='word_1_326' title='bbox 1608 4050 1673 4115; x_wconf 89' lang='grc' dir='ltr'>δὲ</span> <span class='ocrx_word' id='word_1_327' title='bbox 1721 4046 1837 4115; x_wconf 80' lang='grc' dir='ltr'>ἀπὸ</span> <span class='ocrx_word' id='word_1_328' title='bbox 1885 4046 2203 4135; x_wconf 79' lang='grc' dir='ltr'>ἀνάγυρου,</span> <span class='ocrx_word' id='word_1_329' title='bbox 2259 4046 2613 4135; x_wconf 79' lang='grc' dir='ltr'>λοχμιόδους</span> <span class='ocrx_word' id='word_1_330' title='bbox 2660 4056 2845 4136; x_wconf 84' lang='grc' dir='ltr'>φυτοῦ</span> <span class='ocrx_word' id='word_1_331' title='bbox 2894 4045 3249 4120; x_wconf 72' lang='grc' dir='ltr'>ἀλεξικάκου</span> <span class='ocrx_word' id='word_1_332' title='bbox 3284 4042 3473 4129; x_wconf 74' lang='grc' dir='ltr'>ὄντος,</span> 
     </span>
     <span class='ocr_line' id='line_1_32' title="bbox 788 4164 3482 4260; baseline -0.003 -22"><span class='ocrx_word' id='word_1_333' title='bbox 788 4166 824 4239; x_wconf 70' lang='grc' dir='ltr'>ἲ)</span> <span class='ocrx_word' id='word_1_334' title='bbox 871 4170 1214 4260; x_wconf 87' lang='grc' dir='ltr'>τριβόμενον</span> <span class='ocrx_word' id='word_1_335' title='bbox 1271 4164 1394 4244; x_wconf 68' lang='grc' dir='ltr'>ὄζει</span> <span class='ocrx_word' id='word_1_336' title='bbox 1451 4171 1553 4237; x_wconf 89' lang='grc' dir='ltr'>καὶ</span> <span class='ocrx_word' id='word_1_337' title='bbox 1601 4172 1898 4236; x_wconf 87' lang='grc' dir='ltr'>δυσωδίαν</span> <span class='ocrx_word' id='word_1_338' title='bbox 1946 4170 2217 4255; x_wconf 84' lang='grc' dir='ltr'>ἐπιφέρει</span> <span class='ocrx_word' id='word_1_339' title='bbox 2259 4176 2344 4255; x_wconf 81' lang='grc' dir='ltr'>τῷ</span> <span class='ocrx_word' id='word_1_340' title='bbox 2388 4174 2560 4234; x_wconf 85' lang='grc' dir='ltr'>τοῦτο</span> <span class='ocrx_word' id='word_1_341' title='bbox 2606 4170 2884 4258; x_wconf 89' lang='grc' dir='ltr'>τρίβοντι.</span> <span class='ocrx_word' id='word_1_342' title='bbox 2981 4170 3112 4235; x_wconf 84' lang='lat' dir='ltr'>Sed</span> <span class='ocrx_word' id='word_1_343' title='bbox 3157 4168 3482 4234; x_wconf 82' lang='lat' dir='ltr'>reicienda</span> 
     </span>
     <span class='ocr_line' id='line_1_33' title="bbox 786 4290 3481 4377; baseline -0.003 -17"><span class='ocrx_word' id='word_1_344' title='bbox 786 4294 1044 4360; x_wconf 90' lang='lat' dir='ltr'>videtur</span> <span class='ocrx_word' id='word_1_345' title='bbox 1100 4294 1261 4359; x_wconf 87' lang='lat' dir='ltr'>haee</span> <span class='ocrx_word' id='word_1_346' title='bbox 1320 4293 1696 4377; x_wconf 77' lang='lat' dir='ltr'>explicatio:</span> <span class='ocrx_word' id='word_1_347' title='bbox 1765 4312 1955 4374; x_wconf 82' lang='lat' dir='ltr'>quam</span> <span class='ocrx_word' id='word_1_348' title='bbox 2018 4291 2074 4355; x_wconf 81' lang='lat' dir='ltr'>si</span> <span class='ocrx_word' id='word_1_349' title='bbox 2119 4290 2482 4372; x_wconf 80' lang='lat' dir='ltr'>sequimur,</span> <span class='ocrx_word' id='word_1_350' title='bbox 2548 4290 2703 4372; x_wconf 87' lang='lat' dir='ltr'>quid</span> <span class='ocrx_word' id='word_1_351' title='bbox 2747 4293 2927 4354; x_wconf 84' lang='grc' dir='ltr'>κινεῖν</span> <span class='ocrx_word' id='word_1_352' title='bbox 2976 4291 3097 4355; x_wconf 82' lang='lat' dir='ltr'>sibi</span> <span class='ocrx_word' id='word_1_353' title='bbox 3143 4291 3301 4355; x_wconf 90' lang='lat' dir='ltr'>velit</span> <span class='ocrx_word' id='word_1_354' title='bbox 3355 4309 3481 4353; x_wconf 89' lang='lat' dir='ltr'>non</span> 
     </span>
     <span class='ocr_line' id='line_1_34' title="bbox 787 4410 3483 4498; baseline -0.003 -18"><span class='ocrx_word' id='word_1_355' title='bbox 787 4415 944 4480; x_wconf 80' lang='lat' dir='ltr'>satis</span> <span class='ocrx_word' id='word_1_356' title='bbox 1004 4414 1297 4497; x_wconf 85' lang='lat' dir='ltr'>intellegi</span> <span class='ocrx_word' id='word_1_357' title='bbox 1358 4420 1585 4498; x_wconf 80' lang='lat' dir='ltr'>potest.</span> <span class='ocrx_word' id='word_1_358' title='bbox 1684 4414 1937 4478; x_wconf 77' lang='lat' dir='ltr'>Insulse</span> <span class='ocrx_word' id='word_1_359' title='bbox 1983 4412 2253 4477; x_wconf 85' lang='lat' dir='ltr'>conficta</span> <span class='ocrx_word' id='word_1_360' title='bbox 2312 4417 2458 4475; x_wconf 82' lang='lat' dir='ltr'>sunt</span> <span class='ocrx_word' id='word_1_361' title='bbox 2502 4431 2667 4492; x_wconf 88' lang='lat' dir='ltr'>quae</span> <span class='ocrx_word' id='word_1_362' title='bbox 2711 4412 2777 4475; x_wconf 91' lang='lat' dir='ltr'>in</span> <span class='ocrx_word' id='word_1_363' title='bbox 2835 4410 3042 4475; x_wconf 77' lang='lat' dir='ltr'>lexico</span> <span class='ocrx_word' id='word_1_364' title='bbox 3088 4410 3483 4475; x_wconf 82' lang='lat' dir='ltr'>Coisliniano</span> 
     </span>
     <span class='ocr_line' id='line_1_35' title="bbox 793 4525 3485 4620; baseline -0.004 -16"><span class='ocrx_word' id='word_1_365' title='bbox 793 4536 1120 4620; x_wconf 80' lang='lat' dir='ltr'>excipiunt</span> <span class='ocrx_word' id='word_1_366' title='bbox 1180 4536 1380 4600; x_wconf 86' lang='lat' dir='ltr'>verba</span> <span class='ocrx_word' id='word_1_367' title='bbox 1439 4556 1479 4599; x_wconf 85' lang='lat' dir='ltr'>a</span> <span class='ocrx_word' id='word_1_368' title='bbox 1539 4554 1642 4599; x_wconf 90' lang='lat' dir='ltr'>me</span> <span class='ocrx_word' id='word_1_369' title='bbox 1713 4533 2070 4617; x_wconf 77' lang='lat' dir='ltr'>exscripta:</span> <span class='ocrx_word' id='word_1_370' title='bbox 2156 4534 2211 4595; x_wconf 85' lang='grc' dir='ltr'>οἱ</span> <span class='ocrx_word' id='word_1_371' title='bbox 2284 4532 2350 4596; x_wconf 88' lang='grc' dir='ltr'>δὲ</span> <span class='ocrx_word' id='word_1_372' title='bbox 2422 4530 2603 4617; x_wconf 86' lang='grc' dir='ltr'>φασὶν</span> <span class='ocrx_word' id='word_1_373' title='bbox 2674 4528 2788 4595; x_wconf 87' lang='grc' dir='ltr'>ἀπὸ</span> <span class='ocrx_word' id='word_1_374' title='bbox 2867 4530 3081 4618; x_wconf 86' lang='grc' dir='ltr'>ἱερείας</span> <span class='ocrx_word' id='word_1_375' title='bbox 3152 4525 3308 4603; x_wconf 84' lang='grc' dir='ltr'>τινὸς</span> <span class='ocrx_word' id='word_1_376' title='bbox 3379 4534 3485 4615; x_wconf 78' lang='grc' dir='ltr'>τῆς</span> 
     </span>
     <span class='ocr_line' id='line_1_36' title="bbox 783 4632 3482 4742; baseline -0.003 -20"><span class='ocrx_word' id='word_1_377' title='bbox 783 4653 1080 4741; x_wconf 83' lang='grc' dir='ltr'>Ἑκάτης,</span> <span class='ocrx_word' id='word_1_378' title='bbox 1144 4650 1274 4742; x_wconf 76' lang='grc' dir='ltr'>ἥτις</span> <span class='ocrx_word' id='word_1_379' title='bbox 1320 4656 1702 4721; x_wconf 85' lang='grc' dir='ltr'>ἐνθουσιῶσα</span> <span class='ocrx_word' id='word_1_380' title='bbox 1747 4651 1848 4718; x_wconf 87' lang='grc' dir='ltr'>καὶ</span> <span class='ocrx_word' id='word_1_381' title='bbox 1895 4654 2307 4741; x_wconf 87' lang='grc' dir='ltr'>βακχευομένη</span> <span class='ocrx_word' id='word_1_382' title='bbox 2354 4657 2427 4738; x_wconf 73' lang='grc' dir='ltr'>τῇ</span> <span class='ocrx_word' id='word_1_383' title='bbox 2475 4652 2713 4736; x_wconf 89' lang='grc' dir='ltr'>δαίμονι</span> <span class='ocrx_word' id='word_1_384' title='bbox 2767 4632 2998 4736; x_wconf 79' lang='grc' dir='ltr'>ἠπείλει</span> <span class='ocrx_word' id='word_1_385' title='bbox 3042 4656 3285 4736; x_wconf 82' lang='grc' dir='ltr'>κινῆσαι</span> <span class='ocrx_word' id='word_1_386' title='bbox 3332 4648 3482 4737; x_wconf 75' lang='grc' dir='ltr'>αὐτῇ</span> 
     </span>
    </p>
   </div>
   <div class='ocr_carea' id='block_1_3' title="bbox 807 4768 3483 4866">
    <p class='ocr_par' dir='ltr' id='par_1_3' title="bbox 807 4768 3483 4866">
     <span class='ocr_line' id='line_1_37' title="bbox 807 4768 3483 4866; baseline -0.003 -20"><span class='ocrx_word' id='word_1_387' title='bbox 807 4777 906 4847; x_wconf 87' lang='grc' dir='ltr'>τὸν</span> <span class='ocrx_word' id='word_1_388' title='bbox 964 4775 1281 4866; x_wconf 81' lang='grc' dir='ltr'>ἀνάγυρον·</span> <span class='ocrx_word' id='word_1_389' title='bbox 1345 4775 1448 4843; x_wconf 86' lang='grc' dir='ltr'>καὶ</span> <span class='ocrx_word' id='word_1_390' title='bbox 1508 4772 1632 4863; x_wconf 74' lang='grc' dir='ltr'>ὅμα</span> <span class='ocrx_word' id='word_1_391' title='bbox 1696 4770 2086 4861; x_wconf 82' lang='grc' dir='ltr'>λαμβάνουσα</span> <span class='ocrx_word' id='word_1_392' title='bbox 2154 4771 2289 4847; x_wconf 88' lang='grc' dir='ltr'>τοῦς</span> <span class='ocrx_word' id='word_1_393' title='bbox 2348 4775 2416 4837; x_wconf 88' lang='grc' dir='ltr'>ἐκ</span> <span class='ocrx_word' id='word_1_394' title='bbox 2480 4776 2583 4837; x_wconf 87' lang='grc' dir='ltr'>τοῦ</span> <span class='ocrx_word' id='word_1_395' title='bbox 2651 4776 2837 4860; x_wconf 90' lang='grc' dir='ltr'>φυτοῦ</span> <span class='ocrx_word' id='word_1_396' title='bbox 2900 4768 3113 4858; x_wconf 81' lang='grc' dir='ltr'>λόγους</span> <span class='ocrx_word' id='word_1_397' title='bbox 3168 4768 3483 4857; x_wconf 82' lang='grc' dir='ltr'>ἐμάστιζεν</span> 
     </span>
    </p>
   </div>
  </div>
 </body>
</html>
