3785 5187
824 315 905 375 22
1973 321 2038 374 E.
2080 320 2361 376 HILLER

823 506 1038 578 κλέους
1094 508 1222 570 κτλ.
1284 508 1448 572 Plin.
1500 515 1634 574 nat.
1686 508 1837 576 hist.
1889 511 2085 575 XXII
2131 514 2211 573 44
2272 533 2463 575 verna
2520 535 2708 576 carus
2753 512 2996 578 Pericli
3037 513 3505 577 Atheniensium

820 627 1131 712 principi,
1202 650 1341 691 eum
1384 629 1440 691 is
1482 629 1551 692 in
1594 653 1738 695 arce
1787 631 2082 714 templum
2126 631 2490 715 aedffiearet
2531 632 2946 718 repsissetque
2989 656 3178 716 super
3222 635 3505 698 altitudi-

820 772 961 814 nem
998 749 1248 835 sastiqi
1299 758 1360 814 et
1416 749 1559 814 inde
1620 751 1944 816 cecidisset
1985 776 2038 816 e.
2089 777 2148 837 q.
2201 775 2251 815 S.
2350 753 2560 818 Laert.
2614 753 2711 818 IX
2758 756 2838 816 82
2900 753 3069 819 Θέων
3126 749 3182 819 δ’
3237 750 3268 820 δ
3315 753 3500 820 Τιθο-

823 867 1024 958 ραιεὺς
1070 867 1102 937 ὃ
1151 868 1396 944 στωικὸς
1456 869 1828 957 κοιμώμενος
1884 869 2228 959 περιεπάτει
2287 875 2349 938 ἐν
2394 877 2480 960 τῷ
2522 865 2690 961 ῧπνῳ
2736 873 2838 940 καὶ
2888 873 3254 962 Περικλέους
3301 881 3502 950 δοῦλος

819 988 917 1058 ἐπ’
973 985 1160 1079 ἄκρου
1204 998 1307 1057 τοῦ
1351 994 1581 1078 τέγους.

991 1253 1195 1318 XVII.
1248 1253 1485 1318 Athen.
1521 1253 1683 1317 XIII
1726 1274 1791 1337 p.
1830 1255 2039 1319 602A
2084 1249 2440 1340 Ἱερώνυμος
2488 1255 2554 1320 δὲ
2599 1252 2632 1320 δ
2676 1255 3131 1342 περιπατητικὸς
3176 1283 3498 1344 περισπου-

824 1369 1075 1447 δάστους
1135 1369 1281 1460 φησὶ
1335 1374 1617 1459 γενέσθαι
1674 1370 1810 1447 τοὺς
1869 1379 1982 1438 τῶν
2040 1374 2267 1440 παίδων
2314 1376 2574 1463 ἔρωτας,
2639 1369 2732 1442 ότι
2774 1375 3061 1452 πολλάκις
3106 1375 3144 1464 ἡ
3193 1383 3310 1442 τῶν
3355 1381 3498 1444 νέων

826 1492 983 1581 ἀκμὴ
1031 1495 1134 1559 καὶ
1177 1491 1243 1559 τὸ
1288 1491 1434 1580 πρὸς
1480 1491 1778 1579 ἀλλήλους
1824 1486 2118 1583 ἑταιρικὸν
2167 1501 2594 1584 συμφρονῆσαν
2625 1494 2853 1572 πολλὰς
2895 1499 3146 1581 (oblitus
3179 1507 3278 1566 est
3306 1501 3502 1566 Athe-

822 1636 1026 1682 naeus
1072 1622 1265 1681 antea
1322 1612 1610 1688 πολλάκις
1668 1617 1945 1700 positum
1993 1637 2170 1698 esse3
2241 1639 2325 1682 an
2370 1619 2499 1702 leg.
2549 1610 2760 1703 όλαςῬ)
2825 1621 3174 1707 τυραννίδας
3231 1623 3494 1686 καθεῖλε.

818 1741 1111 1802 παιδικῶν
1184 1718 1430 1819 (παίδων
1478 1736 1645 1820 cod.,
1713 1757 1836 1802 em.
1890 1737 2480 1822 Schweighaeuser)
2548 1736 2662 1827 γὰρ
2721 1737 3028 1826 παρόντων
3089 1739 3343 1828 ἐραστὴς
3385 1749 3498 1808 πᾶν

819 1856 1015 1925 ὁτιοῦν
1074 1855 1256 1923 ἕλοιτ’
1327 1852 1399 1923 ἂν
1458 1859 1672 1922 παθεῖν
1720 1852 1757 1943 ἢ
1808 1860 2008 1922 δειλοῦ
2071 1855 2242 1931 δόξαν
2302 1856 2750 1947 ἀπενέγκασθαι
2807 1859 2970 1948 παρὰ
3014 1864 3135 1935 τοῖς
3180 1866 3496 1936 παιδικοῖς.

818 1981 978 2068 ἔργῳ
1022 1985 1161 2066 γοῦν
1207 1983 1378 2044 τοῦτο
1426 1981 1644 2049 ἔδειξεν
1691 1975 1722 2043 δ
1766 1977 2118 2066 συνταχθεὶς
2149 1977 2422 2068 Θήβησιν
2456 1977 2567 2047 ὑπὸ
2607 1977 3094 2067 Ἐπαμεινώνδου
3128 1979 3283 2069 ἱερὸς
3323 1980 3500 2070 λόχος

827 2102 928 2185 (of.
978 2102 1145 2168 Plut.
1194 2101 1417 2184 Pelop.
1477 2103 1551 2165 18
1584 2121 1679 2183 sq.
1734 2100 1925 2167 Diod.
1976 2102 2102 2176 XII
2155 2107 2255 2166 70.
2318 2103 2467 2168 Ath.
2521 2103 2684 2167 XIII
2729 2124 2792 2186 p.
2847 2106 2963 2167 561
3017 2105 3092 2166 F.
3143 2105 3500 2189 Polyaenus

815 2224 881 2287 II
925 2228 983 2302 5,
1043 2225 1139 2306 1),
1204 2222 1307 2287 καὶ
1353 2218 1384 2286 δ
1429 2218 1585 2285 κατὰ
1632 2221 2140 2309 Πεισιστρατιδῶν
2186 2221 2446 2296 θάνατος
2493 2219 2606 2288 ὑπὸ
2641 2219 2957 2310 Ἁρμοδίου
3002 2225 3104 2289 καὶ
3145 2221 3495 2312 Ἀριστογεί-

816 2368 985 2417 τονος
1041 2341 1357 2429 γενόμενος
1426 2343 1606 2425 (haee
1664 2363 1919 2427 quoque
1963 2343 2328 2410 Athenaeus
2385 2345 2527 2429 ipse
2587 2346 3032 2428 neglegentius
3088 2347 3503 2431 exscripsisse

794 2455 1084 2547 videtur)
1120 2487 1133 2498 ·
1198 2464 1334 2550 περὶ
1366 2463 1645 2528 Σικελίαν
1694 2460 1749 2527 δ’
1807 2467 1869 2528 ἐν
1909 2460 2262 2551 Ἀκράγαντι
2309 2461 2721 2551 δΧαρίτωνος
2767 2465 2868 2530 καὶ
2902 2465 3300 2531 Μελανίππου
3341 2467 3504 2554 (ἔρως

818 2586 969 2652 add.
1008 2585 1629 2669 Schweighaeuser).
1727 2567 2113 2659 Μελάνιππος
2159 2581 2216 2651 δ’
2269 2577 2342 2672 ἦν
2388 2583 2461 2652 τὰ
2503 2583 2787 2669 παιδικά,
2841 2578 2922 2661 ὥς
2968 2614 3151 2675 φησιν
3177 2585 3502 2676 Ἡρακλεί-

818 2711 926 2793 δης
970 2704 1003 2772 δ
1052 2702 1338 2779 Ποντικὸς
1383 2708 1446 2770 ἐν
1490 2712 1577 2793 τῷ
1620 2707 1754 2793 περὶ
1802 2711 2119 2793 ἐρωτικῶν.
2217 2702 2379 2772 οὗτοι
2424 2710 2708 2795 φανέντες
2753 2705 3238 2796 ἐπιβουλεύοντες
3285 2707 3502 2776 Φαλά-

820 2832 938 2915 ριδι
982 2827 1083 2893 καὶ
1130 2823 1587 2914 βασανιζόμενοι
1634 2824 2108 2915 ἀναγκαζόμενοί
2164 2853 2229 2893 τε
2275 2830 2470 2913 λέγειν
2530 2826 2664 2903 τοὺς
2713 2826 3052 2904 συνειδότας
3099 2828 3169 2898 οὐ
3217 2828 3390 2916 μόνον
3438 2828 3508 2897 οὐ

816 2951 1117 3029 κατεῖπον,
1186 2944 1345 3014 ἀλλὰ
1404 2949 1508 3014 καὶ
1565 2945 1663 3014 τὸν
1710 2945 1985 3037 Φάλαριν
2033 2945 2210 3015 αὐτὸν
2257 2952 2342 3023 εἰς
2398 2950 2567 3016 ἔλεον
2613 2956 2730 3015 τῶν
2790 2948 3066 3039 βασάνων
3110 2946 3371 3037 ἤγαγον,
3425 2949 3505 3024 ὡς

818 3069 1115 3137 ἀπολῦσαι
1172 3065 1384 3143 αὐτοὺς
1442 3067 1637 3135 πολλὰ
1697 3072 2090 3136 ἐπαινέσαντα
2114 3092 2126 3105 ·
2181 3067 2420 3136 διὸκαὶ
2466 3067 2497 3135 ὃ
2537 3068 2833 3138 Ἀπόλλων
2885 3069 3093 3157 ἡσθεὶς
3140 3073 3238 3138 ἐπὶ
3280 3070 3506 3145 τούτοις

815 3188 1117 3279 ἀναβολὴν
1163 3196 1268 3255 τοῦ
1312 3186 1576 3256 θανάτου
1619 3196 1705 3277 τῷ
1751 3187 2057 3278 Φαλάριδι
2098 3194 2449 3278 ἐχαρίσατο,
2501 3197 2671 3258 τοῦτο
2716 3190 2988 3280 ἐμφήνας
3033 3197 3156 3267 τοῖς
3201 3197 3504 3259 πυνθανο-

818 3316 1014 3400 μένοις
1058 3317 1165 3399 τῆς
1214 3312 1448 3385 Πυθίας
1490 3305 1650 3386 ὅπως
1711 3310 1874 3401 αὐτῷ
1931 3315 2288 3379 ἐπιθῶνται·
2339 3313 2565 3401 ἔχρησέ
2609 3339 2674 3378 τε
2718 3313 2820 3378 καὶ
2871 3312 3007 3401 περὶ
3048 3321 3165 3379 τῶν
3215 3312 3366 3402 ἀμφὶ
3407 3312 3506 3379 τὸν

816 3435 1178 3522 Χαρίτωνα,
1243 3429 1539 3521 προτάξας
1596 3438 1699 3499 τοῦ
1759 3435 2085 3521 ἑξαμέτρου
2145 3429 2210 3500 τὸ
2249 3431 2700 3533 πεντάμετρον,
2767 3432 3042 3523 καθάπερ
3103 3428 3348 3525 ὕστερον
3404 3433 3509 3501 καὶ

819 3552 1126 3629 Διονύσιος
1186 3552 1218 3621 ‘o
1258 3551 1572 3640 Ἀθηναῖος
1618 3558 1895 3641 ἐποίησεν
1941 3553 1972 3621 ὃ
2022 3554 2366 3640 ἐπικληθεὶς
2425 3558 2692 3641 χαλκοῦς
2735 3558 2798 3619 ἐν
2845 3559 2968 3630 τοῖς
3015 3558 3333 3643 ἐλεγείοις.
3382 3558 3510 3622 ἔστι

818 3678 885 3743 δὲ
930 3676 960 3743 ὃ
1006 3675 1276 3766 χρησμὸς
1317 3667 1457 3741 ‘662-

1531 3793 1831 3881 εὐδαίμων
1877 3776 2160 3884 Χαρίτων
2207 3795 2306 3862 καὶ
2353 3792 2740 3869 Μελάνιππος
2787 3799 2936 3884 ἔφυ,

1446 3900 1615 3972 θείας
1661 3896 1959 3988 ἁγητῆρες
2005 3903 2355 3988 ἐφαμερίοις
2401 3896 2718 3986 φιλότατος
2743 3922 2756 3936 ·

820 4021 1115 4111 διαβόητα
1177 4019 1231 4086 δ’
1303 4017 1424 4086 ἐστὶ
1481 4023 1607 4084 κτλ.
1682 4021 1985 4105 (sequitur
2050 4021 2331 4087 narratio
2391 3997 2472 4087 de
2534 4022 2794 4088 Cratino
2854 4030 2918 4088 et
2968 4024 3367 4091 Aristodemo
3429 4040 3514 4089 ex

819 4145 1113 4211 Neanthe
1145 4143 1463 4228 Cyziceno
1494 4143 1917 4227 deprompta.)
1975 4138 2074 4206 διὰ
2119 4139 2256 4215 τοὺς
2302 4138 2601 4215 τοιούτους
2632 4133 2734 4207 οὖν
2766 4142 2996 4229 ἔρωτας
3028 4146 3084 4207 οἱ
3133 4142 3400 4230 τύραννοι
3423 4180 3514 4190 -

819 4267 1098 4351 πολέμιοι
1140 4260 1257 4351 γὰρ
1303 4260 1505 4336 αὐτοῖς
1554 4255 1735 4329 αὗται
1794 4264 1856 4327 αἱ
1917 4264 2116 4349 φιλίαι
2145 4301 2231 4309 —-
2260 4260 2324 4327 τὸ
2383 4258 2666 4350 παράπαν
2713 4261 2976 4329 ἐκώλυον
3019 4261 3157 4337 τοὺς
3202 4260 3514 4335 παιδικοὺς

818 4387 1077 4474 ἔρωτας,
1151 4381 1530 4471 πανταχόθεν
1601 4382 1814 4456 αὐτους
1882 4379 2301 4457 ἐκκόπτοντες.
2375 4384 2492 4449 εἰσὶ
2561 4384 2627 4449 δὲ
2689 4383 2748 4448 οἳ
2806 4384 2908 4449 καὶ
2967 4382 3072 4457 τὰς
3141 4386 3515 4471 παλαίστρας

818 4499 1013 4593 ὥσπερ
1070 4503 1560 4592 ἀντιτειχίσματα
1622 4508 1749 4579 ταῖς
1812 4506 1990 4578 ἰδίαις
2063 4502 2453 4592 ἀκροπόλεσιν
2529 4501 2972 4591 ἐνεπίμπρασάν
3042 4531 3106 4569 τε
3165 4506 3267 4571 καὶ
3324 4508 3516 4571 κατέ-

822 4637 1090 4716 σκαψαν,
1144 4624 1221 4700 ὣς
1266 4629 1515 4712 ἐποίησε
1564 4623 1956 4713 Πολυκράτης
2001 4623 2033 4691 ὃ
2078 4628 2322 4713 Σαμίων
2367 4622 2673 4713 τύραννος.

994 4749 1095 4815 cf.
1131 4749 1213 4813 de
1244 4747 1562 4814 eiusmodi
1602 4747 2140 4831 disputationibus
2174 4747 2395 4813 Rohde
2441 4749 2553 4811 der
2580 4747 2814 4831 yrieeh..
2854 4749 3107 4811 Roman
3157 4770 3218 4833 p.
3257 4750 3334 4811 56
3362 4767 3512 4831 sqq.
