3785 5187
614 375 621 383 '
721 372 1140 429 HIERONYMI
1177 371 1444 427 RHODII
1482 365 2018 424 PERIPATETIGI
2054 360 2527 420 FRAGMENTA
2850 401 2853 406 -
2934 364 2967 423 7

285 585 472 632 usum
533 585 718 630 suum
780 563 1192 646 converterit,
1260 577 1734 654 nonnumquam
1793 575 2175 640 cognoscere
2236 555 2343 620 vel
2400 554 2715 639 suspicari
2779 547 2962 618 licet:

286 687 487 753 veluti
543 705 729 751 usum
790 705 934 750 eum
981 703 1126 749 esse
1171 681 1459 747 Platonis
1505 681 1587 746 de
1631 677 1965 763 republica
2008 676 2188 742 libris
2235 673 2745 742 concludendum
2790 675 2974 740 vide-

289 814 392 872 tur
424 827 504 872 ex
534 806 612 871 fr.
649 805 889 888 XVHI,
941 803 1306 870 Aristotelis
1337 801 1622 868 Politicis
1654 820 1736 866 ex
1765 800 1840 863 fr.
1879 799 2008 862 XX
2064 796 2163 879 (cf.
2201 797 2417 862 Zeller
2445 796 2547 859 die
2576 794 2819 860 Philos.
2860 796 2973 858 der

297 928 608 992 Grieclzen
648 928 713 991 II
759 930 797 988 2
819 931 842 970 3
886 949 951 1010 p.
1009 927 1191 1008 151),
1255 921 1684 1007 Theophrasti
1726 925 1790 986 et
1834 917 2350 985 Chamaeleontis
2407 916 2589 982 libris
2635 899 2730 982 de
2762 916 2973 982 ebrie-

288 1054 420 1114 tate
465 1069 546 1113 ex
589 1047 668 1112 fr.
719 1047 895 1113 11.et
951 1047 1050 1111 ΠΙ
1104 1045 1205 1128 (cf.
1257 1044 1335 1108 fr.
1387 1045 1468 1124 X)
1503 1095 1515 1126 ,
1581 1040 1946 1107 Aristoxeni
1994 1039 2130 1104 vita
2175 1038 2456 1104 Socratis
2503 1059 2584 1104 ex
2626 1037 2707 1103 fr.
2758 1039 2964 1118 XXV,

291 1167 652 1234 Heraclidis
683 1143 942 1232 *Pontici
1002 1167 1164 1232 libro
1224 1165 1305 1230 de
1364 1165 1556 1230 rebus
1615 1160 1941 1247 amatoriis
1986 1181 2068 1226 ex
2111 1159 2191 1224 fr.
2242 1160 2451 1226 XVII.
2530 1135 2789 1244 Fragm.
2842 1159 2972 1224 XII

292 1308 435 1352 cum
480 1288 696 1354 verbis
739 1288 998 1372 Epicuri
1043 1287 1414 1369 congruisse
1459 1285 1680 1350 Cicero
1725 1282 1963 1348 diserte
2006 1287 2296 1348 testatur.
2651 1371 2655 1376 ψ

463 1407 563 1473 De
605 1407 1011 1493 philosophia
1039 1407 1414 1491 Hieronymi
1458 1410 1714 1490 praeter
1752 1403 2149 1468 notissimam
2177 1401 2359 1467 illam
2390 1422 2581 1485 quam
2612 1402 2693 1468 de
2726 1421 2973 1468 summo

291 1531 456 1595 bono
500 1528 832 1613 proposuit
874 1527 1257 1594 sententiam
1299 1525 1395 1610 (fr.
1433 1526 1548 1608 XI)
1602 1523 1767 1589 nihil
1811 1520 1982 1607 quod
2026 1522 2303 1588 alicuius
2343 1523 2648 1589 momenti
2676 1523 2763 1590 sit
2787 1524 2971 1589 nobis

288 1649 593 1714 traditum
651 1656 768 1714 est.
863 1647 962 1714 De
1017 1647 1485 1713 narrationibus
1547 1665 1698 1710 vero
1755 1645 1837 1709 ab
1899 1664 1975 1710 eo
2033 1644 2300 1729 prolatis
2344 1643 2503 1726 quid
2558 1643 2971 1711 iudicandum

292 1776 655 1853 quantaque
699 1769 861 1834 fides
897 1775 1092 1851 atque
1121 1767 1467 1833 auctoritas
1499 1766 1562 1832 ei
1593 1766 1677 1832 sit
1716 1764 2079 1846 tribuenda,
2131 1764 2293 1829 satis
2324 1769 2573 1830 constat
2623 1764 2723 1848 (cf.
2762 1765 2974 1832 Luzac

294 1914 355 1976 p.
398 1894 521 1954 220
547 1892 741 1974 sqq.).
825 1889 1116 1956 Sobrium
1160 1888 1230 1953 in
1263 1887 1600 1953 tractanda
1627 1886 1894 1951 historia
1916 1885 2232 1979 ‘iudicium
2264 1885 2707 1969 sincerumque
2735 1886 2975 1952 verita-

295 2013 376 2078 tis
423 2011 704 2077 studium
749 2009 1004 2075 omnino
1048 2029 1260 2074 rarum
1305 2007 1430 2072 fuit
1469 2007 1542 2073 in
1584 2008 1696 2073 illo
1742 2006 2119 2092 scriptorum
2178 2025 2447 2088 genere;
2515 2006 2974 2091 Hieronymum

292 2153 443 2198 vero
465 2152 547 2197 ne
571 2153 612 2196 a
632 2129 986 2196 mendaciis
1011 2129 1269 2212 quidem
1291 2125 1866 2213 impudentissimis
1889 2125 2297 2192 abhorruisse
2328 2126 2487 2191 mihi
2517 2133 2687 2193 certe
2717 2133 2975 2213 propter

293 2254 371 2317 fr.
410 2252 594 2317 XXV
638 2270 1019 2336 persuasum
1065 2257 1182 2316 est.
1278 2249 1526 2315 Malitia
1567 2255 1781 2313 autem
1829 2247 2102 2312 hominis
2148 2267 2229 2312 ex
2259 2267 2336 2312 eo
2364 2247 2765 2333 perspicitur,
2804 2249 2976 2332 quod

295 2374 361 2437 in
391 2374 801 2439 Phaedonem
846 2372 927 2438 ob
972 2370 1270 2437 servilem
1315 2389 1507 2452 quam
1551 2370 1664 2436 ille
1709 2390 1790 2435 ex
1835 2368 2207 2454 captivitate
2250 2385 2597 2454 perpessus
2642 2375 2780 2435 erat
2822 2388 2973 2436 con-

297 2493 611 2558 dicionem
656 2494 886 2577 probra
928 2492 1222 2574 ingerere
1268 2512 1393 2556 non
1439 2497 1538 2556 est
1578 2490 1820 2557 veritus
1877 2489 1976 2573 (fr.
2010 2490 2091 2572 Ι).
2186 2490 2413 2572 Itaque
2457 2489 2803 2555 tenendum
2851 2498 2967 2574 est,

293 2614 484 2679 fidem
528 2614 945 2699 perexiguam
993 2614 1230 2679 habere
1275 2632 1713 2696 quaecumque
1744 2611 1935 2677 unius
1964 2611 2341 2694 Hieronymi
2369 2610 2729 2677 testimonio
2758 2612 2976 2677 nitun-

292 2741 415 2800 tur.
511 2734 807 2800 Ceterum
855 2735 1108 2799 doctum
1154 2740 1219 2799 et
1261 2752 1526 2799 suavem
1559 2733 1780 2798 Cicero
1813 2753 1960 2798 eum
1991 2732 2280 2829 appellat
2319 2730 2417 2815 (fr.
2454 2732 2549 2796 XI
2581 2734 2639 2816 9)
2679 2734 2977 2817 egregie-

295 2876 420 2938 que
467 2856 713 2921 Graece
772 2856 1051 2920 locutum
1098 2872 1242 2920 esse
1297 2853 1592 2919 adfirmat
1645 2852 1740 2937 (fr.
1792 2832 1889 2917 XI
1936 2854 2037 2936 3),
2103 2872 2311 2936 neque
2357 2858 2457 2917 est
2500 2870 2611 2917 cur
2656 2854 2972 2921 scribendi

294 2997 530 3060 genere
592 2976 748 3041 satis
806 2975 1022 3060 lepido
1081 2996 1160 3040 ae
1215 2975 1491 3040 iucundo
1536 2974 1992 3060 Hieronymum
2039 2993 2226 3039 usum
2271 2973 2575 3057 variaque
2622 2975 2975 3052 eruditione

292 3097 671 3162 instructum
715 3095 918 3161 fuisse
963 3115 1306 3179 negemus;
1359 3116 1509 3160 nam
1553 3094 1848 3180 Dionysii
1892 3094 2486 3160 Halicarnassensis
2531 3096 2976 3180 reprehensio-

291 3237 439 3282 nem
497 3215 595 3298 (de
640 3235 920 3300 compos.
971 3216 1147 3281 verb.
1189 3220 1317 3298 38),
1369 3236 1563 3299 quam
1608 3214 1694 3281 ad
1737 3215 2195 3300 Hieronymum
2239 3215 2557 3281 Rhodium
2602 3204 2805 3302 prave
2846 3225 2977 3284 ret-

292 3338 442 3403 tulit
487 3337 752 3403 Grosius
807 3336 1078 3421 (Philod.
1113 3336 1304 3401 Rhet.
1354 3358 1418 3421 p.
1460 3338 1663 3421 LVI),
1714 3336 1801 3401 ad
1846 3335 2238 3402 Cardianum
2284 3343 2576 3421 spectare
2619 3358 2805 3403 nemo
2850 3360 2972 3404 non

229 3478 236 3483 ·
295 3457 490 3523 videt.
1237 3542 1248 3548 ἧ

461 3579 562 3643 Ex
626 3578 1082 3663 posterioribus
1146 3578 1584 3662 peripateticis
1645 3578 1947 3663 Satyrum
2014 3578 2211 3643 libros
2267 3577 2644 3664 Hieronymi
2712 3582 2971 3667 saepius

294 3698 716 3784 exscripsisse
759 3699 1092 3784 probabile
1137 3706 1266 3764 est:
1321 3721 1384 3763 v.
1438 3701 1650 3765 Luzac
1693 3720 1757 3784 p.
1802 3702 1943 3781 194,
1989 3704 2044 3761 1.
2139 3699 2196 3763 Α
2243 3692 2548 3791 Cicerone
2594 3720 2740 3765 eum
2786 3702 2975 3769 Hier-

291 3820 508 3905 onymi
553 3818 1073 3885 commentarium
1116 3821 1224 3887 ubi
1271 3821 1352 3886 de
1381 3820 1660 3886 Isocrate
1706 3818 2101 3905 disputatum
2146 3818 2269 3884 fuit
2312 3820 2545 3885 lectum
2590 3840 2735 3887 esse
2766 3823 2976 3890 elucet

291 3961 371 4007 ex
417 3916 498 4006 fr.
549 3938 776 4016 XXX;
841 3939 923 4005 cf.
976 3941 1191 4006 Zeller
1233 3963 1296 4026 p.
1350 3944 1510 4021 925,
1561 3946 1622 4004 4.
1689 3940 2031 4005 Plutarcho
2086 3946 2238 4006 nota
2282 3946 2464 4006 erant
2506 3961 2585 4006 ea
2628 3962 2795 4025 quae
2839 3944 2976 4011 ele-

290 4067 522 4145 ganter
565 4068 630 4126 et
670 4060 931 4142 utiliter,
984 4067 1054 4126 ut
1097 4061 1158 4126 ei
1204 4061 1560 4141 videbatur,
1613 4061 1696 4127 de
1738 4062 1835 4127 ira
1878 4061 2308 4146 Hieronymus
2352 4061 2817 4148 perscripserat
2870 4064 2965 4149 (fr.

290 4181 464 4264 XIV,
519 4181 598 4245 ef.
652 4180 732 4244 fr.
779 4182 958 4245 XIII.
999 4183 1170 4262 XV).
1265 4169 1638 4250 Athenaeus
1699 4202 1850 4246 vero
1912 4203 2059 4248 eum
2120 4182 2351 4248 librum
2411 4182 2520 4249 ubi
2564 4183 2645 4248 de
2691 4168 2975 4252 Socratis

289 4301 598 4366 uxoribus
643 4300 1067 4387 Hieronymus
1115 4302 1506 4367 disseruerat
1534 4338 1618 4347 —
1650 4303 2027 4386 exposuisse
2073 4310 2288 4368 autem
2331 4303 2455 4369 hac
2499 4304 2581 4369 de
2619 4324 2687 4370 re
2718 4304 2975 4372 videtur

294 4422 361 4486 in
406 4422 609 4486 altero
653 4420 1221 4505 hypomnematum
1268 4422 1432 4487 libro
1462 4460 1550 4470 --
1581 4442 1651 4488 se
1694 4443 1819 4488 non
1849 4422 2091 4489 vidisse
2122 4424 2452 4489 confitetur
2490 4424 2587 4508 (fr.
2624 4425 2844 4493 XXVI
2876 4428 2965 4513 2).

463 4540 539 4605 In
585 4540 1004 4626 disponendis
1049 4542 1422 4627 Hieronymi
1468 4542 1761 4627 reliquiis
1805 4543 1973 4609 hanc
2016 4544 2325 4610 rationem
2370 4552 2627 4611 secutus
2674 4538 2814 4613 sum
2834 4599 2849 4629 ‚
2901 4554 2975 4613 ut

293 4662 502 4746 priore
547 4662 685 4726 loco
732 4681 844 4727 eas
890 4681 1189 4746 ponerem
1236 4682 1403 4745 quae
1449 4661 1688 4729 additis
1719 4663 2022 4730 librorum
2051 4664 2255 4729 titulis
2284 4664 2468 4731 nobis
2502 4673 2795 4733 servatae
2827 4674 2975 4733 sunt

299 4782 394 4867 (fr.
448 4782 694 4867 I—X)‚
755 4782 1108 4867 posteriore
1153 4802 1266 4849 eas
1311 4805 1477 4868 quae
1521 4782 1692 4850 unde
1737 4791 2029 4869 sumptae
2074 4785 2203 4850 sint
2244 4805 2374 4850 non
2419 4795 2967 4876 commemoratur,
