3785 5187
785 349 1206 404 HIERONYMI
1244 348 1513 404 RHODII
1549 346 2085 401 PERIPATETICI
2122 342 2597 400 FRAGMENTA
2950 347 3019 406 21

515 542 689 606 XIV.
772 540 936 604 Plut.
1003 539 1084 604 de
1143 539 1348 604 cohib.
1401 539 1499 602 ira
1543 544 1578 601 4
1639 558 1706 621 p.
1760 542 1881 600 454
1959 534 2068 601 οὐκ
2140 529 2390 622 ἤρεσκεν
2463 528 2565 600 οὖν
2643 559 2743 618 μοι
2802 524 3029 619 ’καίπερ

343 653 525 730 ἄλλα,
559 657 834 747 χρήσιμα
890 661 1079 745 λέγων
1135 659 1238 724 καὶ
1295 663 1606 744 παραινῶν
1661 653 2088 744 δἹερώνυμος
2133 659 2195 720 ἐν
2243 655 2331 730 οἷς
2377 652 2447 720 οὔ
2494 679 2643 742 φησι
2686 657 3025 741 γινομένης,

345 778 503 846 ἀλλὰ
547 782 948 867 γεγενημένης
993 779 1096 845 καὶ
1141 772 1324 865 οὔσης
1379 776 1660 864 αἴσθησιν
1707 774 1887 865 ὀργῆς
1933 778 2087 844 εἷναι
2140 774 2242 843 διὰ
2285 774 2351 841 τὸ
2396 772 2602 863 τάχος.
2696 772 2869 841 οὐδὲν
2914 773 3031 863 γὰρ

342 897 500 968 οὕτω
554 907 666 967 τῶν
725 904 940 966 παθῶν
1002 897 1432 987 συλλεγόμενον
1492 901 1593 965 καὶ
1652 895 2101 986 διακινούμενον
2159 899 2293 987 ἔχει
2350 893 2455 984 τὴν
2514 899 2743 984 γένεσιν
2790 899 3028 984 ἐμφανῆ

343 1021 446 1088 καὶ
489 1021 595 1108 τὴν
636 1015 908 1108 αὔξησιν.

523 1267 663 1330 XV.
729 1267 892 1330 Plut.
961 1265 1042 1329 de
1088 1263 1295 1330 cohib.
1359 1264 1457 1328 ira
1507 1267 1583 1326 12
1629 1283 1694 1346 p.
1745 1266 1870 1327 460
1933 1256 2083 1346 αῦτη
2148 1261 2251 1347 μὲν
2313 1255 2415 1327 οὖν
2476 1259 2619 1336 ’ίσως
2680 1258 2788 1327 οὐκ
2845 1257 3032 1349 ὀργῆς

349 1387 584 1472 ἰατρεία
630 1388 930 1472 φανεῖται,
983 1381 1327 1471 διάκρουσις
1375 1385 1440 1449 δὲ
1485 1384 1587 1448 καὶ
1634 1378 1871 1471 φυλακὴ
1920 1389 2031 1447 τῶν
2077 1385 2139 1447 ἐν
2172 1380 2323 1469 ὀργῇ
2355 1408 2515 1456 τινος·
2542 1378 3027 1469 ἁμαρτημάτων·

344 1509 547 1572 καίτοι
612 1505 714 1572 καὶ
783 1503 1040 1591 σπληνὸς
1108 1504 1332 1591 οἴδημα
1402 1501 1734 1591 σύμπτωμα
1793 1507 1899 1589 μέν
1958 1507 2084 1568 ἐστι
2137 1508 2424 1590 πυρετοῦ,
2498 1500 2905 1591 πραϋνόμενον
2965 1503 3031 1570 δὲ

343 1629 622 1715 κουφίζει
665 1625 765 1693 τὸν
809 1624 1079 1714 πυρετόν,
1132 1623 1210 1700 ὥς
1240 1651 1422 1714 φησιν
1453 1622 1838 1713 Ἱερώνυμος.

521 1872 693 1935 XVI.
748 1871 926 1936 Stob.
962 1871 1086 1935 ecl.
1122 1870 1250 1935 eth.
1284 1873 1355 1934 31
1395 1870 1462 1934 in
1493 1868 1680 1934 floril.
1721 1869 2026 1933 Laurent.
2054 1869 2117 1931 H
2156 1871 2252 1950 13,
2291 1871 2403 1930 121
2443 1868 2528 1951 (p.
2563 1869 2684 1931 209
2714 1866 3021 1952 Meinek.)

327 1989 346 2013 ‘
369 1985 729 2078 Ιερωνύμου.
809 1991 1001 2077 Δεῦρο
1041 1985 1114 2076 δὴ
1147 1990 1250 2055 καὶ
1283 1986 1645 2077 σκεψώμεθα
1673 1989 1808 2076 περὶ
1839 1992 1944 2072 τῆς
1972 1994 2090 2051 τῶν
2120 1989 2352 2052 παίδων
2385 1984 2625 2073 ἀγωγῆς
2655 1989 2790 2052 τίνα
2819 1984 3031 2074 τρόπον

346 2108 730 2198 διειλήφασιν
777 2113 832 2176 οἱ
862 2112 1115 2197 πατέρες
1138 2132 1152 2147 ·
1205 2108 1274 2176 οὐ
1305 2108 1422 2197 γὰρ
1469 2107 1645 2196 μόνον
1689 2113 1751 2174 ἐν
1783 2112 1903 2182 τοῖς
1933 2105 2217 2195 πρότερον
2252 2105 2407 2174 ἀλλὰ
2441 2109 2543 2172 καὶ
2574 2111 2637 2173 ἐν
2670 2104 2899 2182 τούτοις
2930 2106 3033 2174 εὖ·

347 2231 609 2319 ρήσομεν
659 2227 873 2305 αὐτοὺς
919 2229 988 2297 οὐ
1036 2229 1217 2318 μικρὰ
1264 2236 1712 2318 διαφωνοῦντας
1770 2233 1907 2311 (τοῖς
1952 2235 2053 2294 νῦν
2098 2231 2201 2295 Vel
2232 2232 2354 2302 τοῖς
2385 2226 2533 2294 καθ’
2573 2225 2733 2314 ἡμᾶς
2765 2231 2870 2296 vel
2903 2232 3032 2295 tale

343 2353 501 2435 quid
535 2347 851 2418 ex‘eidisse
881 2353 1043 2418 coni.
1082 2353 1497 2436 Meinekius)·
1551 2353 1762 2424 οἵτινες
1793 2356 2022 2438 πρῶτον
2058 2351 2162 2435 μὲν
2196 2345 2520 2437 βαρβάροις
2550 2347 3034 2437 παραβάλλοντες

338 2475 753 2559 παιδαγωγοῖς
809 2471 902 2556 (τὰ
944 2471 1138 2538 παιδί’
1195 2470 1452 2559 ἀγωγοῖς
1508 2474 1671 2538 coni.
1726 2474 1945 2556 Mein.)
2001 2471 2104 2536 καὶ
2149 2467 2371 2536 τούτων
2418 2467 2656 2536 ἀκούειν
2703 2472 3032 2539 κελεύσαν-

343 2622 442 2669 τες
523 2591 880 2672 (κελεύοντες
933 2596 1098 2660 coni.
1156 2595 1372 2679 Mein.)
1456 2598 1667 2667 ἱκανῶς
1735 2596 2153 2679 ἐπιμελεῖσθαι
2218 2595 2595 2679 νομίζουσιν,
2670 2585 2869 2681 ὥσπερ
2928 2601 3033 2661 τοῦ

341 2698 502 2782 κατὰ
567 2712 755 2789 πόδας
816 2712 1330 2801 ἀκολουθήσοντος
1400 2712 1943 2801 (ἀκολουθήσαντος
1999 2715 2231 2795 eodeX,
2299 2735 2423 2780 em.
2474 2715 2900 2799 Wyttenbach
2949 2717 3035 2781 ad

343 2840 513 2902 Plut.
565 2836 724 2903 Mor.
791 2858 854 2920 p.
908 2842 943 2899 4
993 2838 1108 2919 Α),
1193 2833 1333 2902 ἀλλ’
1401 2834 1471 2902 οὐ
1529 2840 1633 2902 τοῦ
1689 2839 1884 2908 καλῶς
1945 2832 2326 2921 ἡγησομένου
2392 2834 2797 2921 (ἡγησαμένου
2858 2838 3029 2931 eqd„

343 2978 472 3022 em.
525 2960 752 3043 Wytt.)
809 2960 1106 3042 δεομένων
1151 2964 1268 3022 τῶν
1311 2958 1564 3021 παιδίων
1622 2957 1870 3038 (παίδων
1916 2957 2085 3037 eod.,
2138 2978 2262 3022 em.
2313 2957 2561 3041 Mein.),
2614 2958 2717 3021 καὶ
2760 2963 2865 3023 τοῦ
2912 2985 3031 3045 φυ-

339 3076 656 3150 λάττοντος
726 3074 1106 3165 (φυλάξοντος
1165 3079 1328 3144 coni.
1380 3079 1596 3162 Mein.)
1669 3074 1947 3164 καθάπερ
2008 3074 2281 3165 συβώτου
2327 3074 2407 3162 μὴ
2467 3072 2568 3163 (μὴ
2629 3098 2753 3143 em.
2804 3080 3026 3162 Mein.‚

345 3202 403 3263 εἰ
449 3199 615 3281 eod.)
668 3201 976 3285 πλανηθῇ,
1031 3194 1170 3264 ἀλλ’
1226 3196 1362 3285 οὐχὶ
1402 3248 1415 3261 .
1461 3250 1473 3263 .
1518 3250 1530 3262 .
1594 3198 1834 3280 (⁴deest
1879 3198 2053 3282 quid,
2104 3198 2265 3264 forte
2307 3201 2412 3263 τοῦ
2455 3203 2885 3284 παραινοῦντος
2930 3202 3034 3267 vel

343 3321 559 3385 simile
619 3321 801 3403 quid’
850 3321 1105 3403 Wytt.).
1204 3316 1295 3383 διὸ
1341 3317 1444 3383 καὶ
1488 3314 1586 3383 τὸν
1633 3321 1702 3383 ἐκ
1745 3324 1857 3382 τῶν
1904 3320 2169 3404 ἐργατῶν
2219 3316 2817 3404 ἀποδοκιμασθέντα,
2884 3326 3029 3387 τοῦ-

337 3467 442 3506 τον
490 3442 587 3506 ἐπὶ
631 3442 1012 3527 παιδαγωγίᾳ
1056 3437 1506 3520 κατατάττουσι,
1565 3436 1639 3541 to}
1685 3437 1861 3526 φύσει
1904 3436 2237 3525 τιμιώτατα
2292 3436 2634 3528 (τιμιώτερα
2676 3442 2847 3525 eod.,
2901 3465 3025 3509 em.

346 3564 565 3643 Mein.)
620 3565 743 3635 τοῖς
788 3558 1229 3634 εὐτελεστάτοις
1277 3557 1556 3633 διδόντες.
1649 3553 1792 3625 όθεν
1839 3560 1943 3625 καὶ
1976 3561 2298 3648 Περικλῆς,
2351 3563 2583 3627 οἰκέτου
2627 3564 2771 3628 ποτὲ
2813 3561 3030 3629 πεσόν-

339 3710 442 3756 τος
489 3680 606 3749 ἀπὸ
650 3682 859 3755 ἐλαίας
904 3682 1006 3747 καὶ
1051 3679 1116 3747 τὸ
1163 3684 1371 3756 σκέλος
1418 3681 1871 3769 συντρίψαντος,
1943 3682 2109 3755 (νέος
2157 3675 2304 3768 ἄρα’
2364 3684 2479 3764 (νέε
2521 3675 2637 3769 ῧρα
2681 3685 2847 3768 eod.‚
2902 3705 3025 3750 em.

341 3805 420 3871 O.
471 3804 577 3868 Fr.
630 3804 956 3868 Hermann
1010 3802 1244 3888 qrieck.
1299 3803 1782 3867 Privataltertk.
1835 3805 1948 3885 34,
2008 3806 2104 3879 18)
2160 3803 2277 3890 ἔφη
2348 3801 2766 3891 ιπαιδαγωγὸς
2823 3808 3025 3894 πέφη-

340 3951 442 3991 νεν
521 3928 810 4011 (πέφηνας
878 3924 1041 3989 coni.
1114 3924 1340 4007 Wytt.)
1367 3926 1402 4003 ²,
1492 3921 1600 3988 οὐκ
1669 3920 1977 3997 ἀπιθάνως
2044 3929 2148 4009 τῆς
2216 3920 2539 4011 ὑπουργίας
2616 3923 2723 4012 τὴν
2793 3924 3030 4013 ἀτιμίαν

349 4042 619 4132 σκώψας.

521 4167 620 4232 Cf.
659 4166 981 4230 Hermann
1016 4167 1060 4229 l.
1099 4187 1153 4230 c.
1235 4166 1714 4231 Subabsurdum
1747 4165 1924 4231 istud
1968 4166 2204 4231 diet-um
2252 4173 2323 4231 ut
2351 4168 2581 4233 Pericli
2626 4168 3025 4251 tribueretur,

341 4287 778 4369 compluribus
845 4286 991 4351 aliis
1065 4286 1560 4351 narratiunculis
1605 4286 1776 4351 effici
1843 4287 2069 4369 potuit.
2179 4288 2591 4373 Pseudoplat.
2642 4289 2922 4355 Alcibid.
2973 4292 3024 4355 Ι.

341 4430 408 4493 p.
454 4410 573 4470 122
618 4408 672 4471 B
718 4405 812 4470 σοὶ
859 4401 947 4488 δ’,
1002 4399 1052 4467 ὦ
1092 4403 1461 4494 Ἀλκιβιάδη,
1517 4407 1815 4493 Περικλῆς
1859 4408 2150 4492 ἐπέστησε
2184 4405 2577 4494 «παιδαγωγὸν
2622 4416 2739 4475 τῶν
2786 4412 3032 4476 οἰκετῶν

333 4525 439 4592 τὸν
502 4522 890 4614 ἀχρειότατον
951 4522 1062 4591 ὑπὸ
1106 4523 1340 4613 γήρως,
1411 4526 1701 4614 Ζώπυρον
1758 4524 1857 4593 τὸν
1918 4527 2151 4615 Θρᾷκα.
2246 4531 2413 4596 Plut.
2479 4531 2622 4596 Per.
2692 4536 2769 4598 13
2825 4528 2860 4596 ὃ
2917 4529 3032 4620 γάρ

335 4644 721 4735 ἐνεργότατος
778 4648 881 4711 καὶ
936 4644 1387 4734 προθυμότατος
1444 4653 1555 4714 τῶν
1618 4656 1900 4736 τεχνιτῶν
1963 4647 2333 4737 ἀποσφαλεὶς
2378 4654 2437 4724 ἐξ
2482 4644 2666 4738 ῧψους
2709 4652 2887 4719 ἔπεσε
2933 4652 3035 4719 καὶ

337 4771 594 4835 διέκειτο
644 4770 966 4855 μοχθηρῶς
1011 4764 1124 4833 ὑπὸ
1168 4776 1287 4832 τῶν
1336 4773 1554 4856 ἰατρῶν
1602 4768 2088 4856 ἀπεγνωσμένος·
2171 4768 2541 4858 ἀθυμοῦντος
2588 4774 2654 4840 δὲ
2696 4779 2802 4841 τοῦ
2849 4774 3035 4863 Περι-
