3785 5187
731 411 1152 466 HIERONYMI
1190 409 1454 465 RHODII
1493 407 2029 465 PERIPATETIOI
2065 407 2545 463 FRAGMENTA
2906 393 2980 469 17

264 605 516 690 florere
545 603 860 685 coepisset,
913 603 980 664 in
1025 625 1176 686 aqro
1211 601 1465 664 Milesio
1511 600 1802 683 coemisse
1839 600 2092 664 dicitur.
2133 600 2665 664 animadverterat
2688 599 2983 684 fortasse

295 727 568 810 quadam
612 725 872 789 scientia
919 725 1192 786 olearum
1237 725 1582 786 ubertatem
1607 724 1790 808 fore.
1871 721 2071 786 Cuius
2116 721 2496 788 narrationis
2540 721 2621 785 ab
2668 740 2749 786 ea
2792 739 2983 801 quam

293 845 673 911 Aristoteles
705 853 768 910 et
796 845 1224 928 Hieronymus
1254 843 1564 926 praebent
1593 842 2049 927 discrepantia,
2087 862 2279 924 quam
2313 841 2628 906 Luzacius
2659 862 2725 925 p.
2766 842 2913 922 229,
2944 845 2983 902 4

292 966 708 1050 improbabili
769 965 1121 1031 subtilitate
1179 965 1404 1028 tollere
1452 963 1729 1046 studuit,
1795 984 1921 1028 non
1974 962 2195 1046 magni
2238 962 2540 1029 momenti
2584 969 2705 1028 est.
2800 960 2987 1040 Quod

291 1067 545 1151 Plinius
592 1086 864 1151 eandem
896 1106 1027 1150 rem
1062 1085 1143 1149 de
1175 1083 1536 1149 Democrito
1568 1084 1761 1149 tradit
1801 1087 1947 1148 (nat.
1995 1083 2141 1148 hist.
2181 1084 2400 1149 XVIII
2431 1087 2535 1166 49,
2576 1082 2718 1166 273)
2760 1083 2988 1164 negle-

291 1207 554 1290 gentiae
598 1206 1025 1272 tribuendum.
1351 1213 1356 1218 ’

471 1449 587 1512 ΙΧ.
657 1450 866 1514 Laert.
932 1449 994 1512 II
1056 1453 1131 1512 14
1178 1443 1547 1533 Ἱερώνυμος
1609 1444 1664 1511 δ’
1735 1451 1810 1513 ἐν
1857 1453 1955 1535 τῷ
2003 1449 2345 1534 δευτέρῳ
2391 1442 2988 1533 τῶνσποράδην

295 1565 870 1653 ὑπομνημάτων
930 1567 1106 1655 φησὶν
1153 1564 1242 1633 ότι
1288 1565 1318 1632 ὃ
1366 1568 1660 1654 Περικλῆς
1719 1566 2066 1655 παρήγαγεν
2115 1564 2289 1633 αὐτὸν
2347 1569 2835 1652 (Anaxagoram)
2892 1567 2988 1632 ἐπὶ

293 1688 364 1752 τὸ
427 1679 843 1776 δικαστήριον,
915 1686 1307 1776 διερρυηκότα
1365 1689 1467 1754 καὶ
1529 1687 1738 1754 λεπτὸν
1801 1686 1912 1753 ὑπὸ
1970 1686 2183 1778 νόσου,
2251 1683 2400 1754 ὥστε
2458 1690 2614 1774 ἐλέῳ
2678 1693 2902 1774 μᾶλλον
2947 1683 2986 1774 ἢ

295 1812 493 1896 κρίσει
543 1808 870 1897 ἀφεθῆναι.

476 1931 574 1996 De
619 1935 1044 2015 Anaxagorae
1077 1932 1485 1997 accusatione
1534 1953 1674 1997 cum
1720 1932 1880 1997 nihil
1914 1932 2067 1997 certi
2114 1931 2343 1996 litteris
2388 1931 2762 1996 mandatum
2796 1938 2989 2012 esset,

296 2052 420 2116 sed
467 2053 869 2118 sermonibus
903 2053 1123 2136 populi
1157 2060 1221 2118 et
1250 2053 1770 2138 philosophorum
1811 2053 2000 2117 huius
2046 2053 2138 2117 rei
2170 2052 2479 2116 memoria
2506 2059 2989 2140 propagaretur,

293 2192 576 2255 magnus
620 2180 881 2257 apertus
927 2181 1065 2238 erat
1108 2149 1386 2258 campus*
1417 2174 1598 2238 vanis
1627 2175 1905 2239 inventis
1952 2174 2357 2268 confictisque
2402 2173 2685 2238 fabellis.
2767 2172 2995 2238 Hiero—

293 2293 481 2376 nymi
555 2293 906 2359 narrationi
973 2315 1098 2358 non
1154 2301 1474 2380 repugnat
1547 2315 1626 2359 ea
1700 2315 1889 2376 quam
1952 2300 2178 2379 postea
2236 2293 2505 2360 tradidit
2559 2293 2983 2378 Hermippus:

303 2415 521 2479 Laert.
579 2415 642 2479 II
693 2419 768 2478 13
799 2407 1148 2501 ιἽὲἶρμιιππος
1198 2413 1242 2479 δ’
1299 2420 1360 2482 ἐν
1405 2418 1529 2488 τοῖς
1577 2417 1726 2501 βίοις
1772 2415 1953 2501 φησὶν
1996 2407 2089 2480 ότι
2134 2415 2474 2502 καθείρχθη
2526 2419 2586 2480 ἐν
2632 2421 2717 2501 τῷ
2764 2418 2998 2499 δεσμω-

293 2536 494 2621 τηρίῳ
556 2532 1018 2621 τεθνηξόμενος·
1097 2537 1393 2624 Περικλῆς
1463 2537 1528 2602 δὲ
1592 2533 1908 2624 παρελθὼν
1971 2536 2130 2601 εἶπεν
2191 2534 2250 2601 εἴ
2303 2561 2359 2601 τι
2416 2535 2656 2623 ἔχουσιν
2720 2537 2994 2622 ἐγκαλεῖν

303 2652 478 2742 αὐτῷ
524 2653 677 2721 κατὰ
721 2654 821 2722 τὸν
873 2658 1033 2743 βίον·
1099 2654 1271 2723 οὐδὲν
1321 2658 1387 2723 δὲ
1431 2655 1748 2735 εἰπόντων,
1815 2658 1947 2722 ι’καὶ
1996 2654 2109 2743 μην
2158 2654 2323 2743 ἐγώᾎ
2378 2658 2532 2745 ἔφη,
2594 2654 2833 2722 ιτουτου
2881 2683 2999 2742 μα*

297 2773 498 2860 θητής
558 2780 714 2860 εἰμι·
786 2776 865 2863 μη
915 2772 1016 2843 οὖν
1082 2783 1390 2866 διαβολαῖς
1449 2781 1807 2867 ἐπαρθέντες
1871 2776 2255 2863 ἀποκτείνητε
2298 2776 2396 2843 τὸν
2444 2772 2791 2867 ἄνθρωπον,
2848 2774 2989 2843 ἀλλ’

299 2898 446 2981 ἐμοὶ
504 2900 847 2973 πεισθέντες
908 2894 1142 2987 ἄφετέ·
1208 2900 1312 2966 καὶ
1389 2898 1635 2988 ἀφείθη.
1731 2900 1828 2966 Cf.
1882 2902 2049 2965 Plut.
2116 2900 2257 2966 Nic.
2314 2904 2416 2965 23.
2502 2900 2713 2965 Laert.
2766 2901 2828 2964 II
2896 2904 2992 2963 15.

297 3018 529 3084 Sotion
591 3028 803 3085 autem
864 3022 932 3086 in
989 3043 1064 3086 eo
1123 3024 1205 3087 ab
1251 3024 1638 3107 Hieronymo
1685 3023 2025 3103 dissensit,
2088 3022 2259 3104 quod
2302 3042 2427 3087 non
2473 3022 2837 3087 absolutum
2883 3021 2998 3086 sed

296 3140 682 3205 damnatum
741 3162 883 3207 esse
944 3144 1394 3227 Anaxagoram
1456 3144 1696 3209 rettulit
1756 3141 1996 3226 (Laert.
2035 3146 2099 3208 II
2165 3147 2265 3225 12,
2332 3144 2412 3208 cf.
2480 3142 2847 3228 Olympiod.
2913 3142 3000 3206 ad

296 3260 576 3325 Aristot.
611 3262 874 3327 Meteor.
913 3264 943 3326 Ι
976 3264 1036 3343 3,
1078 3267 1139 3327 2.
1221 3264 1404 3329 Suid.
1443 3285 1492 3328 S.
1535 3286 1592 3328 v.
1631 3261 2081 3352 Ἀναξαγόρας),
2121 3265 2392 3347 Satyrus
2424 3271 2758 3348 praeterea
2802 3263 2996 3329 etiam

291 3383 376 3446 in
419 3402 515 3464 e0,
569 3382 740 3463 quod
783 3384 1116 3449 absentem
1163 3406 1308 3450 eum
1356 3386 1723 3451 damnatum
1764 3406 1909 3451 esse
1953 3386 2237 3450 narravit
2294 3386 2523 3468 (Laert.
2567 3385 2633 3448 II
2680 3388 2805 3466 12).
2890 3384 2989 3449 Cf.

301 3500 595 3566 Sintenis
641 3504 726 3567 ad
771 3504 940 3567 Plut.
993 3506 1133 3569 Per.
1189 3509 1290 3569 32.

484 3746 566 3809 X.
648 3745 879 3811 Athen.
931 3746 992 3809 X
1048 3766 1111 3828 p.
1165 3748 1284 3807 434
1327 3748 1378 3810 F
1438 3742 1801 3833 Ἱερώνυμός
1858 3772 1925 3811 τε
1981 3751 2057 3813 ἐν
2113 3750 2278 3820 ταῖς
2337 3749 2799 3821 ἐπιστολαῖς
2845 3743 2999 3813 Θεό-

297 3862 572 3954 φραστόν
636 3893 785 3954 φησι
844 3869 1035 3951 λέγειν
1103 3862 1192 3931 ὅτι
1243 3864 1614 3953 Ἀλέξανδρος
1675 3866 1782 3933 οὐκ
1841 3861 1908 3933 εὖ
1976 3869 2227 3932 διέκειτο
2292 3865 2437 3955 πρὸς
2502 3865 2578 3933 τὰ
2644 3866 2989 3956 ἀφροδίσια.

286 3984 696 4071 Ὀλυμπιάδος
743 3966 883 4073 γοῦν
931 3987 1031 4052 καὶ
1075 3984 1603 4073 παρανακλινάσης
1651 3986 1814 4076 αὐτῷ
1848 3987 2217 4061 Καλλιξέναν
2263 3985 2375 4075 την
2408 3987 2708 4074 Θετταλὴν
2754 3990 2995 4077 ἑταίραν

295 4108 852 4193 περικαλλεστάτην
898 4100 1101 4188 οὖσαν,
1157 4106 1489 4182 συνειδότος
1522 4113 1692 4174 τοῦτο
1739 4110 1842 4175 καὶ
1884 4116 1991 4175 τοῦ
2024 4112 2326 4176 Φιλίππου
2355 4148 2442 4159 —-·
2472 4107 2831 4197 εὐλαβοῦντο
2878 4108 2993 4199 γὰρ

301 4226 395 4314 μὴ
442 4225 638 4314 γύννις
684 4226 777 4313 εἴη
826 4267 928 4308 —,
981 4225 1268 4302 πολλάκις
1313 4223 1444 4317 ᾔτει
1492 4227 1640 4315 αὐτὴ
1687 4228 1784 4295 τὸν
1823 4228 2203 4319 Ἀλέξανδρον
2251 4234 2664 4319 συγγενέσθαι.

486 4349 860 4433 Hieronymi
916 4351 1231 4436 epistulas
1289 4352 1371 4416 ab
1432 4352 1761 4418 Athenaeo
1831 4352 2084 4417 laudari
2142 4362 2313 4420 recte
2388 4354 2687 4419 statuisse
2746 4352 2999 4419 videtur

301 4469 630 4535 Meursius
671 4471 954 4554 (Rhodus
998 4472 1061 4536 II
1115 4477 1240 4550 10,·.
1333 4472 1541 4538 Aliter
1599 4473 1848 4538 censuit
1891 4473 2259 4559 Clintonus,
2323 4476 2431 4557 qui
2493 4471 2873 4563 Θεόφραστον
2936 4476 2999 4539 ἐν

301 4594 443 4663 ταῖς
503 4594 838 4664 ἐπιστολαῖς
897 4594 978 4658 ab
1022 4593 1412 4676 Hieronymo
1469 4594 1730 4658 citatum
1789 4594 1991 4659 fuisse
2047 4596 2298 4679 putavit
2352 4595 2551 4681 (Fasti
2594 4596 2849 4661 Hellen.
2898 4595 2999 4659 III

303 4736 380 4799 p.
438 4715 564 4796 19).
671 4712 1016 4777 Exstitisse
1075 4713 1506 4797 Theophrasti
1567 4715 1876 4798 epistulas
1936 4714 2231 4780 Laertius
2294 4715 2482 4782 docet
2534 4718 2608 4799 (V
2668 4717 2813 4801 50);
2882 4716 3000 4781 sed

301 4840 571 4920 propter
616 4834 1095 4899 collocationem
1140 4835 1474 4899 verborum
1522 4835 1806 4900 Clintoni
1853 4836 2069 4920 opinio
2116 4836 2247 4901 veri
2292 4845 2391 4903 est
2434 4836 2890 4903 dissimillima.

2548 4960 2577 5009 2
