3785 5187
810 357 891 418 36
1065 354 1133 408 E.
1172 353 1454 410 HILLER
1488 356 1915 413 HIERONYMI
1951 357 2216 416 RHODII
2256 357 2793 438 PERIPATETICI
2831 339 3302 426 FRAGMENTn

973 545 1112 609 Nee
1158 544 1369 610 minus
1429 553 1600 612 reete
1645 547 1729 612 ad
1775 548 2161 614 Cardianum
2210 571 2250 612 a
2293 551 2604 616 Muellero
2662 551 2740 634 (p.
2781 554 2926 636 453)
2982 560 3112 618 tres
3156 551 3488 628 Strabonis

756 652 761 655 ⁵
803 665 923 729 loci
982 665 1165 731 relati
1220 673 1399 747 sunt,
1463 687 1623 749 quos
1668 668 1917 736 Rhodio
1961 669 2490 738 Westermannus
2555 671 2659 753 (ad
2703 672 2888 737 Voss.
2956 672 3038 737 de
3096 671 3318 738 histor.
3373 673 3484 739 Gr.

804 807 866 870 p.
908 789 1009 869 83)
1064 786 1525 868 assignaverat.
1566 789 1720 854 VIII
1765 810 1828 873 p.
1868 792 1990 853 378
2034 810 2131 872 sq.
2194 788 2300 876 τὴν
2365 791 2430 855 δὲ
2481 793 2841 857 τοποθεσίαν
2897 799 3004 878 τῆς
3061 789 3293 866 πόλεως
3347 793 3490 877 (Co-

803 905 1046 989 rinthi),
1112 907 1171 976 ἐξ
1230 900 1307 970 ὧν
1344 903 1699 995 Ἱερώνυμός
1755 935 1819 975 τε
1877 907 2079 996 εἴρηκε
2138 908 2237 974 καὶ
2283 903 2542 985 Εὔδοξος
2601 911 2704 977 καὶ
2763 906 2973 996 ἄλλοι,
3041 911 3141 978 καὶ
3197 911 3365 980 αὐτοὶ
3423 915 3488 978 δὲ

802 1026 1073 1111 εἴδομεν,
1140 1026 1350 1092 νεωστὶ
1395 1025 1845 1116 ἀναληφθείσης
1904 1025 2014 1095 ὑπὸ
2058 1036 2176 1096 τῶν
2223 1028 2568 1118 Ῥωμαίων,
2634 1028 2872 1098 τοιάνδε
2929 1033 3087 1098 εἶναι
3146 1037 3481 1121 συμβαίνει.

801 1149 895 1211 IX
942 1169 1005 1231 p.
1046 1150 1169 1212 443
1217 1143 1575 1235 Ἱερώνυμος
1620 1151 1688 1215 δὲ
1732 1155 1837 1236 τῆς
1881 1147 2163 1224 πεδιάδος
2193 1151 2521 1227 Θετταλίας
2566 1153 2668 1218 καὶ
2703 1150 3083 1241 Μαγνήτιδος
3128 1152 3225 1220 τὸν
3271 1151 3486 1221 κύκλον

800 1269 1145 1354 τρισχιλίων
1195 1267 1589 1356 ἀποφαίνεται
1636 1273 1930 1336 σταδίων·
1997 1268 2277 1358 ᾠκῆσθαι
2322 1271 2383 1338 δ’
2436 1271 2546 1339 ὑπὸ
2596 1274 2954 1360 Πελασγῶν·
3015 1278 3377 1361 ἐξελαθῆναι
3421 1276 3487 1342 δὲ

799 1384 1042 1461 τούτους
1089 1393 1173 1462 εἰς
1217 1387 1325 1476 τὴν
1366 1385 1628 1456 Ἰταλίαν
1677 1388 1787 1456 ὕπὸ
1818 1393 2130 1457 Λαπιθῶν’
2181 1393 2339 1460 εἶναι
2385 1391 2546 1460 δὲτὸ
2580 1401 2680 1459 νῦν
2713 1394 3080 1482 καλούμενον
3115 1393 3488 1482 Πελασγικὸν

799 1511 1025 1592 πεδίον,
1079 1514 1140 1576 ἐν
1174 1503 1224 1598 ᾧ
1256 1507 1491 1597 Λάρισα
1521 1511 1623 1576 καὶ
1658 1512 1703 1576 Γ
1706 1510 1936 1600 υρτώνη
1969 1515 2070 1579 καὶ
2103 1515 2298 1602 Φεραὶ
2330 1513 2431 1579 καὶ
2464 1511 2700 1602 Μόψιον
2733 1515 2835 1580 καὶ
2867 1514 3120 1603 Βοιβηὶς
3165 1515 3266 1582 καὶ
3299 1509 3486 1582 Ὄσσα

800 1629 903 1695 καὶ
935 1628 1161 1716 Ὁμόλη
1194 1630 1296 1695 καὶ
1330 1628 1557 1718 Πήλιον
1587 1633 1690 1697 καὶ
1725 1632 2051 1720 Μαγνῆτις.
2135 1637 2199 1700 Χ
2229 1658 2295 1720 p.
2335 1640 2456 1699 475
2491 1631 2851 1721 Ἱερώνυμος
2883 1636 2950 1700 δὲ
2977 1643 3171 1722 μῆκος
3209 1638 3475 1722 (Cretae)

803 1753 1109 1840 δισχιλίων
1166 1755 1461 1838 (σταδίων)
1518 1753 1740 1841 φήσας,
1790 1751 1855 1820 τὸ
1905 1755 1970 1819 δὲ
2013 1751 2233 1828 πλάτος
2281 1752 2629 1840 ἀνώμαλον,
2693 1750 2999 1822 πλειόνων’ι
3032 1752 3102 1822 ἂν
3150 1756 3246 1844 εἴη
3294 1759 3488 1843 λέγων

799 1871 897 1938 τὸν
941 1870 1157 1939 κύκλον
1203 1869 1242 1959 ἢ
1288 1869 1443 1940 ὅσων
1486 1870 1931 1963 Ἀρτεμίδωρος.
2016 1879 2504 1960 Westermanno
2551 1897 2856 1956 assensus
2885 1885 2985 1943 est
3012 1878 3480 1961 Brueeknerus,

797 1995 917 2060 hoe
962 1995 1073 2061 ille
1118 2016 1271 2061 usus
1318 2003 1709 2078 argumento,
1763 1997 1929 2079 quod
1972 1998 2171 2063 tribus
2216 2019 2376 2080 quos
2419 1997 2606 2062 attuli
2652 1998 2808 2062 loeis
2839 1999 3079 2063 nudum
3108 1999 3486 2082 Hieronymi

798 2137 1027 2181 nomen
1071 2117 1337 2200 legitur,
1406 2117 1634 2182 Strabo
1691 2123 1904 2182 autem
1951 2119 2098 2182 XIV
2146 2139 2209 2201 p.
2250 2123 2373 2182 655
2433 2119 2919 2202 peripateticum
2976 2120 3144 2186 inter
3200 2120 3486 2185 illustres

798 2237 1080 2302 Rhodios
1124 2243 1594 2302 commemorat.
1687 2238 1913 2319 Neque
1961 2257 2108 2302 vero
2154 2237 2497 2321 quidquam
2545 2238 2669 2304 hae
2697 2259 2765 2304 re
2795 2241 3188 2324 comprobari
3233 2247 3477 2325 potest:

797 2379 947 2422 nam
992 2357 1151 2422 satis
1198 2364 1467 2439 constat,
1517 2358 1583 2422 in
1630 2358 1996 2424 adferendis
2041 2357 2241 2423 tribus
2287 2359 2415 2424 illis
2461 2359 2835 2454 Hieronymi
2881 2361 3257 2444 fragmentis
3303 2361 3488 2426 Stra-

798 2480 1025 2543 bonem
1072 2478 1237 2542 alius
1284 2479 1611 2562 scriptoris
1656 2469 2034 2544 auctoritate
2079 2479 2225 2544 niti:
2309 2501 2370 2542 v.
2413 2480 2614 2545 Reuss
2645 2501 2710 2564 p.
2762 2485 2897 2542 151.
2976 2482 3193 2565 Niese,
3246 2482 3481 2546 Rhein.

800 2603 969 2663 Mus.
1009 2600 1268 2664 XXXII
1297 2622 1358 2684 p.
1394 2602 1511 2663 281
1544 2620 1681 2682 sqq.
1762 2602 2118 2667 Aeeuratae
2162 2608 2374 2665 autem
2411 2621 2848 2667 mensurarum
2880 2601 3284 2669 definitiones
3329 2624 3490 2685 quas

800 2719 925 2785 duo
984 2721 1337 2804 posteriora
1393 2720 1754 2803 fragmenta
1799 2722 2108 2804 praebent
2155 2742 2280 2787 non
2323 2722 2572 2786 Rhodio
2617 2722 2734 2788 sed
2779 2723 3099 2788 Cardiano
3145 2724 3486 2789 convenire

796 2840 1119 2907 videntur:
1176 2842 1257 2905 ef.
1310 2841 1513 2906 Reuss
1561 2863 1623 2925 p.
1662 2846 1742 2906 90
1776 2861 1915 2925 sqq.
2003 2840 2243 2917 Quibus
2289 2842 2444 2907 loeis
2489 2842 2896 2907 historiarum
2929 2844 3234 2909 Cardiani
3276 2845 3486 2929 posita

798 2960 1033 3027 fuerint
1090 2962 1215 3025 tria
1270 2962 1637 3045 fragmenta
1696 2983 1735 3025 a
1780 2962 2090 3027 Strabone
2151 2970 2440 3044 servata,
2509 2936 2670 3027 satis
2721 2964 2914 3028 facile
2975 2964 3177 3029 eoniei
3230 2971 3474 3048 potest:

796 3104 859 3147 v.
896 3084 1105 3149 Reuss
1150 3104 1211 3167 p.
1258 3087 1399 3147 107.

970 3204 1401 3287 Ea·denique
1457 3224 1623 3286 quae
1688 3205 1989 3287 leguntur
2051 3204 2228 3288 apud
2287 3204 2698 3269 Damaseium
2768 3205 2849 3270 de
2916 3206 3137 3290 primis
3204 3206 3478 3290 princip.

798 3348 863 3409 p.
904 3300 1040 3389 381‘
1072 3320 1318 3408 τοιαύτη
1368 3323 1473 3409 μὲν
1519 3320 1557 3408 ἡ
1606 3320 1871 3409 συνήθης
1911 3318 2161 3412 Ὀρφικὴ
2207 3325 2524 3409 θεολογία,
2587 3322 2626 3409 ἡ
2675 3324 2740 3421 δὲ
2787 3323 2942 3389 κατὰ
2985 3322 3084 3391 τὸν
3124 3321 3484 3411 Ἱερώνυμον

797 3445 900 3510 καὶ
934 3428 1318 3527 (Ελλάνικον,
1379 3444 1543 3531 εἴπερ
1590 3442 1669 3530 μή
1716 3444 1817 3509 καὶ
1864 3442 1896 3509 ὃ
1945 3442 2120 3517 αὐτός
2166 3450 2342 3527 ἐστιν,
2411 3435 2598 3517 οὕτως
2643 3444 2806 3531 ἔχει,
2871 3446 2983 3511 ubi
3025 3445 3484 3529 Hieronymum

800 3568 1111 3633 Rhodium
1158 3566 1636 3631 commemorari
1682 3566 2026 3631 arbitratus
2057 3574 2194 3631 erat
2223 3565 2700 3631 Tiedemannus
2759 3567 3277 3649 (Griechenlands
3321 3576 3485 3629 erste

799 3690 1041 3753 Pltilos.
1095 3710 1158 3771 p.
1196 3691 1327 3771 61),
1390 3687 1473 3751 ad
1516 3687 1975 3769 Hieronymum
2020 3686 2406 3770 Aegyptium
2477 3688 2621 3769 (Ios.
2671 3688 2821 3752 Ant.
2873 3662 3084 3757 1ud.1
3117 3689 3176 3770 3,
3217 3690 3277 3751 6.
3330 3690 3386 3767 9)
3443 3708 3487 3751 a

802 3810 1106 3901 Muellero
1176 3810 1257 3891 (p.
1312 3811 1488 3889 450),
1555 3808 1896 3874 Sohustero
1966 3807 2064 3892 (de
2130 3806 2368 3872 veteris
2439 3806 2634 3890 Orph.
2701 3806 2946 3890 Theog.
3009 3807 3226 3872 indole
3290 3814 3484 3889 atque

801 3928 960 4011 orig.
1011 3951 1073 4014 p
1119 3932 1289 4013 100),
1344 3927 1598 3992 Zellero
1656 3928 1705 4009 (I
1748 3949 1810 4011 p.
1852 3931 1950 4012 84)
2008 3948 2256 3993 summa
2299 3947 2438 3992 eum
2484 3926 2934 4009 probabilitate
2979 3934 3129 3992 sunt
3172 3928 3398 3992 relata.

1464 4776 1599 4832 'l'ypis
1628 4780 1949 4829 expresserunt
1975 4774 2216 4828 Breitkopf
2241 4778 2287 4817 et
2315 4776 2502 4817 naon-tol
2529 4772 2805 4827 Lipsienses.
