3785 5187
788 408 870 468 20
1942 405 2007 458 E.
2048 404 2332 458 HILLER.

957 597 1058 656 17.
1109 594 1312 660 Olem.
1364 595 1470 659 Al.
1519 593 1750 660 Strom.
1804 595 1869 658 Π
1926 598 2036 658 127
2106 596 2209 676 (cf.
2274 596 2490 661 Zeller
2548 597 2591 661 l.
2644 605 2725 678 c.)
2826 591 3197 682 Δεινόμαχος
3260 596 3328 661 δὲ
3372 596 3473 662 καὶ
3554 653 3559 658 .

781 712 1112 801 Καλλιφῶν
1167 716 1336 787 τέλος
1397 714 1552 780 εἶναι
1595 714 1829 801 ἔφασαν
1875 718 2029 796 κτλ.,
2096 709 2130 779 ὅ
2185 740 2251 780 τε
2282 712 2643 802 Ἱερώνυμος
2702 711 2735 780 ὃ
2791 713 3251 802 περιπατητικὸς
3310 718 3475 790 τέλος

782 836 886 921 μὲν
935 833 1091 901 εἶναι
1133 833 1200 899 τὸ
1248 830 1561 921 ἀοχλήτως
1608 840 1735 920 ζῆν,
1788 833 2017 900 τελικὸν
2064 836 2130 901 δὲ
2177 833 2406 923 ἀγαθὸν
2455 833 2632 922 μόνον
2677 834 2783 922 τὴν
2829 833 3239 923 εὐδαιμονίαν.

957 959 1057 1021 18.
1123 957 1479 1040 Porphyrio
1537 957 1622 1020 ad
1666 958 1819 1022 Hor.
1884 956 2074 1041 epist.
2141 959 2172 1021 I
2204 962 2265 1039 6,
2306 962 2387 1021 65
2457 959 2551 1042 (si,
2618 959 3032 1022 Mimnermus
3088 961 3187 1022 uti
3244 969 3468 1039 censet,

778 1079 910 1142 sine
984 1099 1194 1142 amore
1266 1078 1538 1162 iocisque
1593 1079 1691 1141 nil
1757 1087 1850 1142 est
1911 1078 2261 1160 iucundum)
2330 1079 2745 1142 Mimnermus
2802 1078 3143 1163 eleqtarum
3199 1081 3476 1162 scriptor

758 1200 909 1285 suit
927 1249 942 1280 ,
1007 1199 1074 1262 in
1131 1201 1401 1282 quadam
1457 1199 1670 1282 ecloya
1729 1199 2095 1263 Hieronimi
2144 1208 2373 1263 sectam
2445 1201 2881 1262 commendans
2900 1250 2915 1276 ,
2990 1202 3103 1284 qui
3168 1223 3474 1264 summum

783 1321 1005 1382 bonum
1050 1319 1458 1383 indolentiam
1511 1320 1625 1401 (ait
1669 1320 1822 1385 add.
1862 1319 2047 1384 codd.
2083 1322 2267 1402 rec),
2322 1343 2507 1404 quam
2550 1321 2785 1384 Graeci
2825 1316 3076 1385 ἀπονίαν
3123 1322 3471 1398 nominant,

790 1441 1104 1505 molestias
1147 1440 1380 1504 amoris
1414 1441 1566 1522 plus
1609 1441 1985 1504 incommodi
2026 1463 2210 1524 quam
2252 1442 2477 1524 §audii
2515 1441 2743 1505 habere
2786 1443 3192 1505 demonstrat.

957 1562 1166 1627 Etiam
1214 1561 1270 1625 si
1316 1561 1458 1643 quis
1503 1561 1695 1626 statui
1755 1579 1945 1645 posse
1990 1567 2189 1645 putet,
2227 1562 2726 1646 Porphyrionem
2774 1563 2860 1626 ad
2898 1561 3477 1627 Alexandrinorum

777 1690 1066 1767 tempora
1120 1683 1562 1747 Mimnermum
1607 1682 1838 1746 inscite
1890 1682 2237 1762 rettulisse,
2290 1689 2506 1746 tamen
2564 1682 2717 1764 quin
2778 1683 2955 1746 locus
3016 1691 3349 1767 corruptus
3394 1684 3478 1748 sit

779 1803 1007 1887 'nequit
1050 1802 1357 1880 dubitari;
1426 1823 1576 1866 nam
1621 1823 1700 1867 ea
1743 1801 2030 1886 profecto
2073 1823 2198 1868 non
2255 1804 2461 1886 potuit
2518 1803 2870 1887 Porphyrio
2930 1803 3307 1869 Mimnermo
3365 1805 3480 1868 tri-

731 1975 738 1981 .
782 1925 996 2006 buere‚
1049 1945 1216 2008 quae
1259 1924 1473 1989 verbis
1505 1923 1872 1988 Horatianis
1918 1931 2139 2006 aperte
2183 1930 2635 2008 repugnarent.
2714 1923 2909 2006 Apud
2939 1925 3269 2007 Meyerum
3314 1925 3477 1989 haec

779 2045 1086 2110 adnotata
1139 2045 1585 2110 inveniuntur:
1678 2047 1979 2127 ‘quadam
2036 2051 2399 2127 corruptum
2472 2049 2571 2127 (ex
2638 2045 2852 2125 prima
2910 2045 3037 2106 iam
3093 2045 3171 2127 ¹⁴2),
3240 2045 3475 2110 deinde

784 2167 949 2248 (cum
995 2175 1046 2248 ς)
1102 2166 1509 2229 indolentiam
1554 2167 1647 2228 ait
1692 2166 2117 2245 scribendum,
2172 2172 2491 2248 postremo
2534 2167 2699 2230 haec
2728 2186 2854 2229 non
2884 2164 2968 2228 ad
2999 2165 3469 2248 Mimnermum,

780 2288 892 2352 sed
941 2287 1024 2351 ad
1054 2271 1387 2352 Horatium
1434 2286 1772 2352 referenda
1816 2285 2163 2351 videntur'.
2246 2286 2385 2368 Ego
2431 2305 2579 2350 vero
2622 2305 2745 2367 quo
2789 2286 2976 2350 modo
3022 2287 3108 2351 ad
3136 2286 3473 2351 Horatium

780 2428 859 2473 ea
901 2409 1220 2492 pertinere
1264 2408 1530 2492 possint,
1584 2408 1789 2471 fateor
1832 2427 1935 2470 me
1978 2427 2104 2471 non
2153 2407 2557 2488 intellegere.
2651 2407 2988 2471 Excidisse
3051 2407 3260 2490 potius
3320 2406 3476 2471 mihi

779 2529 1034 2595 videtui·
1091 2549 1324 2593 nomen
1381 2499 1520 2592 eius
1581 2547 1770 2610 quem
1827 2535 2213 2612 opposuerat
2254 2527 2629 2592 Mimnermo
2687 2535 3056 2611 sectamque
3099 2527 3477 2612 Hieronymi

779 2651 1261 2717 commendasse
1307 2651 1562 2715 dixerat
1601 2650 1979 2733 PorphyriO.
2074 2651 2346 2733 quadam
2391 2657 2752 2731 corruptum
2814 2669 2959 2715 esse
3005 2650 3197 2713 etiam
3245 2648 3477 2731 Paulyi

779 2772 996 2856 opinio
1040 2779 1141 2837 est
1193 2772 1417 2855 (Beitr.
1468 2793 1583 2833 zur
1627 2771 1849 2834 Kritik
1892 2772 2001 2833 des
2047 2770 2282 2853 l’orplt.
2338 2791 2401 2853 p.
2453 2774 2584 2852 42),
2637 2769 2759 2834 etsi
2812 2771 2892 2835 de
2940 2769 3169 2835 ceteris
3214 2770 3476 2853 Meyero

779 2914 906 2959 non
951 2893 1320 2958 assentitur.
1416 2892 1546 2957 Sed
1591 2892 1672 2955 cf.
1726 2912 1827 2957 ex.
1880 2912 1974 2973 gr.
2029 2891 2227 2955 schol.
2269 2890 2497 2955 Veron.
2550 2892 2744 2972 Verg.
2797 2873 2919 2956 ecl.
2974 2893 3032 2969 7,
3074 2893 3155 2951 22
3185 2890 3478 2953 semiliter

779 3023 986 3078 autem
1044 3014 1208 3076 launo
1258 3015 1531 3079 Codrum
1588 3013 1654 3075 in
1701 3013 1913 3096 eleyiis
1976 3012 2237 3096 Valqius
2292 3012 2626 3094 honorffioe
2682 3011 2964 3093 appellat
3022 3019 3085 3073 et
3130 3012 3474 3095 quadam

779 3135 846 3197 in
891 3136 1172 3219 eoloqa
1223 3136 1302 3197 de
1345 3157 1414 3196 eo
1476 3134 1570 3197 ait
1624 3154 1682 3198 e.
1747 3154 1812 3217 q.
1868 3153 1920 3198 s.
1988 3136 2237 3198 Seneca
2268 3133 2347 3197 de
2394 3132 2571 3197 brev.
2611 3132 2782 3195 vitae
2814 3136 2873 3211 4,
2916 3137 2951 3193 3
2985 3131 3051 3193 in
3083 3133 3359 3214 quadam
3388 3133 3481 3195 ad

779 3264 1060 3319 senatum
1105 3256 1296 3318 missa
1342 3255 1631 3338 epistula.

959 3382 1058 3440 19.
1109 3376 1339 3441 Iambl.
1389 3375 1566 3460 apud
1611 3376 1788 3441 Stob.
1841 3376 1961 3439 ecl.
2011 3376 2042 3438 Ι
2089 3379 2190 3452 41,
2246 3377 2327 3436 42
2374 3367 2411 3457 ἢ
2457 3378 2531 3457 τῇ
2581 3370 2881 3457 ἀοχλησία
2927 3368 3059 3436 καθ’
3112 3368 3470 3457 Ἱερώνυμον

780 3494 815 3584 ἢ
867 3491 1071 3569 ἄλλοις
1117 3496 1234 3561 τισὶ
1279 3472 1514 3582 τρόποις
1561 3500 1859 3581 διαγωγῆς
1905 3493 1970 3559 τὸ
2018 3493 2248 3580 αἱρετὸν
2296 3493 2534 3580 ἔχοντες
2579 3497 2705 3557 κτλ.
2773 3529 2857 3539 -

877 3639 886 3645 “
952 3618 1051 3685 Cf.
1103 3617 1376 3682 Brandis
1429 3618 1654 3681 Gesch.
1707 3620 1819 3680 der
1859 3615 2301 3701 qrieok.-r·‘o‘m.
2366 3615 2609 3678 Philo-sn
2661 3613 2759 3677 III
2805 3617 2841 3676 2
2887 3635 2949 3697 p.
3013 3617 3161 3677 245.
3255 3614 3469 3678 Zeller

782 3743 826 3806 l.
880 3761 932 3805 c.
985 3762 1050 3825 p.
1102 3743 1250 3803 924.

954 3929 1103 3993 XII.
1185 3927 1315 3993 Cic.
1371 3929 1564 3993 Tusc.
1616 3926 1784 4011 disp.
1836 3928 1912 3992 V.
1966 3930 2069 4007 41,
2129 3927 2247 3987 118
2292 3924 2451 3987 milei
2477 3924 2724 4008 quidem
2769 3924 2835 3986 in
2878 3924 3005 3987 vita
3034 3910 3344 3987 servanda
3374 3924 3474 3985 ci-

782 4052 966 4115 detur
1009 4050 1126 4113 illa
1170 4049 1289 4127 leat,
1343 4071 1500 4131 quae
1544 4048 1611 4110 in
1664 4051 2050 4111 Graecorum
2096 4045 2392 4108 conviviis
2439 4046 2768 4108 obtinetur.
2871 4053 3004 4107 ‘aut
3035 4044 3230 4108 bibat’
3268 4044 3476 4128 inquit

787 4178 922 4236 ‘aut
963 4170 1198 4235 abeat'.
1294 4178 1355 4233 et
1412 4177 1617 4243 recte‚·
1675 4176 1786 4231 aut
1829 4168 1990 4230 enim
2029 4168 2314 4253 fruatur
2372 4166 2605 4249 aliquis
2651 4166 2906 4248 pariter
2960 4187 3098 4227 cum
3156 4165 3301 4229 aliis
3361 4188 3473 4229 vo-

689 4344 698 4353 .
783 4295 1023 4377 luptate
1057 4290 1332 4375 potandi
1371 4298 1502 4365 aut,
1569 4314 1644 4353 ne
1704 4289 1947 4353 sobrius
1991 4288 2057 4350 in
2103 4287 2459 4351 violentiam
2504 4288 2957 4349 vinulentorum
3002 4286 3269 4367 incidat,
3322 4294 3475 4349 ante

781 4416 1082 4477 discedat.
1162 4412 1251 4475 sio
1283 4412 1550 4475 iniurias
1574 4412 1911 4497 fort-unae,
1964 4431 2117 4493 quas
2129 4417 2138 4425 '
2140 4412 2335 4493 ferre
2378 4430 2667 4491 nequem,
2706 4408 3085 4492 defuqiendo
3118 4405 3466 4489 relinquas·

780 4535 930 4598 haee
977 4540 1206 4611 eadem,
1260 4555 1418 4617 quae
1464 4533 1802 4614 Epic-aruc,
1859 4531 2112 4594 totidem
2157 4528 2359 4591 verbi-s·
2403 4528 2558 4591 dicit
2600 4528 3047 4612 HieronymuS.

953 4708 1135 4772 XIII.
1202 4706 1451 4771 Seneca
1481 4704 1560 4769 de
1605 4703 1702 4768 ira
1746 4703 1778 4768 1
1816 4706 1915 4784 19,
1956 4706 1992 4767 3
2040 4702 2192 4786 quid
2236 4724 2387 4783 opus
2434 4710 2543 4782 est,
2598 4701 2801 4784 inquit
2846 4700 3289 4783 HieronymuS,
3330 4722 3476 4762 cum

783 4832 934 4895 velis
978 4831 1236 4892 caedere
1281 4829 1574 4912 aliquem,
1634 4834 1741 4888 tua
1775 4825 1964 4907 prius
2008 4824 2188 4887 labra
2231 4824 2565 4886 mordere?
