3785 5187
833 355 914 429 34
1983 362 2048 423 Ε.
2090 367 2370 424 fflLLER

1002 557 1307 621 XXXIV.
1388 556 1594 623 Clem.
1659 558 1765 622 Al.
1830 559 2033 624 Protr.
2084 563 2144 643 2,
2201 563 2282 625 30
2338 553 2649 648 Ἡρακλέα
2705 554 2807 628 οὖν
2866 561 2971 629 καὶ
3032 559 3208 638 αὐτὸς
3252 550 3560 652 Ὅμηρος-

832 674 1048 763 θνητὸν
1110 675 1270 742 οἶδεν
1332 671 1670 765 ἄνθρωπον.
1755 674 2114 766 Ἱερώνυμος
2175 680 2241 745 δὲ
2304 677 2335 746 ὃ
2395 678 2721 776 φιλόσοφος
2780 683 2882 748 καὶ
2926 681 3031 770 τὴν
3080 686 3284 772 σχέσιν
3332 682 3514 750 αὐτοῦ

832 794 1148 885 ὑφηγεῖται
1191 804 1296 863 τοῦ
1329 795 1625 884 σώματος,
1679 796 1911 887 μικρόν,
1963 799 2333 889 φριξότριχα,
2387 799 2671 890 ῥωστικὸν
2694 826 2707 840 ·
2758 806 3126 892 Δικαίαρχος
3158 805 3225 870 δὲ
3258 807 3508 892 σχιζίαν,

828 915 1123 1005 νευρώδη,
1177 921 1427 1004 μέλανα,
1478 917 1723 1008 γρυπόν,
1776 918 2182 1009 ὃποχαροπόν,
2235 920 2647 1012 τετανότριχα.

1003 1037 1228 1128 μακρόν
1295 1061 1409 1126 pro
1479 1038 1686 1127 μικρόν
1756 1043 2101 1126 legendum
2164 1045 2314 1110 'esse
2380 1045 2627 1111 censuit
2686 1046 3137 1126 Hoeschelius;
3215 1046 3332 1112 sed
3388 1048 3515 1111 for-

827 1168 1002 1226 tasse
1057 1163 1298 1227 abusus
1355 1172 1492 1228 erat
1534 1163 1965 1247 Hieronymus
2021 1166 2236 1231 verbis
2297 1166 2557 1231 Pindari
2602 1166 2828 1232 Isthm.
2882 1170 2941 1248 3,
2984 1171 3051 1230 71
3123 1168 3321 1232 καίτοι
3373 1164 3506 1232 πότ’

819 1279 1089 1347 Ἀνταίου
1119 1278 1337 1368 δόμους
1369 1283 1574 1370 Θηβᾶν
1607 1278 1724 1348 ἀπὸ
1755 1283 2072 1371 Καδμειὰν
2120 1283 2422 1374 μορφὰν
2469 1283 2720 1373 βραχύ
2740 1313 2794 1369 ς,
2850 1275 3048 1374 ψυχὰν
3096 1284 3154 1352 δ’
3210 1281 3513 1373 ἄκαμπτος

827 1405 1298 1490 προσπαλαίσων
1342 1397 1485 1488 ἦλθ’
1527 1401 1681 1492 ἀνὴρ
1711 1409 1838 1469 κτλ.
1907 1404 2030 1480 υἱὸς
2053 1387 2408 1492 Ἀλκμήνας.
2489 1408 2586 1473 Cf.
2624 1407 2928 1472 Weleker
2952 1409 3189 1492 yrieclz.
3237 1409 3506 1473 Gotterl.

828 1527 892 1590 Π
936 1547 1000 1609 p.
1041 1528 1186 1608 765,
1227 1527 1332 1589 39.
1426 1527 1522 1591 De
1564 1526 1862 1592 Herculis
1907 1527 2161 1611 capillis
2204 1549 2267 1593 v.
2320 1528 2395 1594 Ο.
2446 1529 2717 1594 Mueller
2760 1528 3100 1592 Archaeol.
3154 1533 3299 1610 410,
3341 1533 3401 1591 2.

999 1767 1273 1832 XXXV.
1354 1767 1566 1833 Schol.
1615 1769 1668 1833 B
1723 1770 1801 1834 Il.
1854 1770 1905 1832 A
1953 1775 1989 1832 5
2043 1765 2392 1856 Ἱερώνυμός
2453 1795 2602 1856 φησι
2658 1765 2758 1834 τὸν
2814 1766 3084 1833 Τιθωνὸν
3148 1766 3515 1855 αἰτήσασθαι

829 1883 1164 1952 ἀθανασίαν
1208 1885 1376 1975 παρὰ
1418 1894 1523 1974 τῆς
1561 1887 1760 1972 Ἠοῦς,
1815 1887 1885 1955 οὗ
1934 1891 2132 1974 μέντοι
2174 1888 2275 1955 καὶ
2323 1869 2685 1976 ἀγηρασίαν·
2745 1887 2827 1962 ὡς
2869 1889 2933 1955 δὲ
2978 1893 3184 1977 πολλῷ
3228 1895 3313 1977 τῷ
3357 1886 3514 1977 γήρα

824 2004 1135 2095 χρώμενος
1193 2005 1547 2096 ἐδυσφόρει,
1617 2007 1985 2097 αἰτήσασθαι
2030 2007 2318 2076 θάνατον·
2381 2008 2486 2096 τήν
2550 2009 2615 2075 δὲ
2674 2008 3083 2075 ἀδυνατοῦσαν
3142 2013 3227 2084 εἰς
3283 2013 3515 2096 τέττιγα

829 2126 1006 2194 αὐτὸν
1054 2132 1434 2217 μεταβαλεῖν,
1487 2126 1646 2204 ὅπως
1690 2125 1898 2216 ἥδοιτο
1945 2135 2233 2216 διηνεκῶς
2278 2136 2383 2217 τῆς
2430 2135 2633 2218 φωνῆς
2680 2126 3011 2195 ἀκούουσα.

1009 2233 1319 2335 (Eustath'.
1371 2274 1433 2336 p.
1476 2255 1598 2316 825
1667 2251 1814 2338 φασὶ
1874 2251 1941 2315 δὲ
1985 2247 2342 2338 Ἱερώνυμόν
2403 2276 2536 2316 τινα
2597 2253 2844 2338 ἱστορεῖν
2902 2246 2992 2317 ὅτι
3053 2249 3507 2344 Τιθωνὸςρκτλ.

825 2372 990 2436 Hinc
1047 2372 1283 2455 legitur
1335 2373 1511 2458 apud
1562 2373 1804 2438 Eudoc.
1871 2393 1937 2457 p.
1991 2375 2111 2436 395
2160 2368 2507 2460 Ἱερώνυμος
2568 2371 2633 2438 δὲ
2695 2369 2727 2436 ὁ
2792 2369 3083 2460 ἱστορικὸς
3148 2364 3367 2460 ἱστορεῖ
3424 2367 3515 2438 ὅτι

825 2489 1094 2565 Τιθωνὸς
1138 2495 1292 2576 κτλ.)

998 2615 1213 2680 Schol.
1250 2616 1334 2679 A:
1406 2611 1774 2700 αἰτήσασθαι
1819 2615 1885 2680 δὲ
1930 2612 2028 2679 τὸν
2062 2612 2330 2679 Τιθωνὸν
2375 2612 2539 2701 παρὰ
2585 2618 2689 2700 τῆς
2726 2611 2909 2687 Ἠοῦς
2959 2612 3321 2681 ἀθανασίαν·
3371 2612 3402 2680 ὃ
3450 2617 3515 2681 δὲ

826 2737 1018 2822 γέρων
1064 2732 1379 2822 γενόμενος
1409 2776 1494 2784 -
1528 2733 1626 2802 διὰ
1673 2734 1789 2823 γὰρ
1835 2730 2080 2822 ἄγνοιαν
2121 2733 2229 2801 οὐκ
2259 2733 2524 2821 ᾐτήσατο
2556 2736 2657 2800 καὶ
2692 2733 3029 2823 ἀγηρασίαν
3060 2774 3145 2783 --
3177 2733 3514 2822 ἀχθόμενος

823 2855 922 2920 καὶ
966 2861 1083 2921 τῶν
1130 2860 1192 2921 ἐν
1239 2858 1352 2944 βίῳ
1401 2856 1480 2943 μὴ
1531 2854 1852 2943 δυνάμενος
1901 2854 2375 2943 μεταλαμβάνειν
2405 2853 2733 2944 παρεκάλει
2764 2854 2868 2943 τήν
2916 2854 3079 2939 θεόν,
3130 2852 3289 2930 ὅπως
3339 2853 3514 2922 αὐτὸν

823 2982 928 3041 του
965 2982 1071 3063 ζῆν
1120 2974 1458 3065 μεταλλάξῃ
1483 2999 1496 3012 ·
1545 2975 1582 3064 ἡ
1632 2979 1698 3043 δὲ
1749 3017 1818 3025 -
1859 2976 1929 3043 οὐ
1959 2975 2072 3065 γὰρ
2104 2970 2176 3063 ἦν
2212 2974 2386 3042 αὐτὸν
2421 2973 2667 3042 δυνατὸν
2701 2975 3025 3042 ἀποθανεῖν
3057 3016 3143 3025 —
3188 2980 3513 3064 μετέβαλεν

823 3102 907 3171 εἰς
953 3099 1186 3183 τέττιγα
1231 3096 1330 3164 τὸν
1379 3097 1822 3185 μουσικώτατον
1868 3104 1987 3164 τῶν
2029 3103 2299 3185 πτηνῶν,
2368 3093 2528 3171 ὅπως
2588 3099 2689 3163 καὶ
2752 3100 2851 3163 διὰ
2907 3102 3014 3184 τῆς
3075 3102 3278 3184 φωνῆς
3332 3094 3515 3163 αὐτοῦ

729 3288 736 3293 ,
822 3221 1094 3305 τέρποιτο
1141 3222 1427 3305 διηνεκῶς
1475 3216 1802 3286 ἀκούουσα.

996 3342 1382 3425 Hieronymo
1441 3342 1765 3426 Aegyptio
1822 3341 2002 3406 cuiu's
2054 3340 2291 3405 mentio
2349 3339 2420 3405 fit
2477 3341 2654 3424 apud
2712 3341 3052 3423 Iosephum
3110 3348 3173 3404 et
3232 3340 3509 3405 fortasse

826 3462 998 3545 apud
1041 3461 1451 3527 Damascium
1513 3462 1650 3527 sine
1710 3462 1843 3527 ulla
1897 3461 2343 3555 probabilitate
2387 3462 2553 3526 haec
2597 3461 2816 3526 tribuit
2861 3460 3208 3525 Goebelius
3262 3460 3510 3544 (Jahrb.

804 3584 879 3667 s.
929 3584 1112 3646 class.
1164 3583 1401 3647 Philol.
1445 3587 1606 3647 1866
1652 3605 1718 3668 p.
1765 3584 1932 3664 164).
2013 3582 2503 3667 Peripateticum
2552 3581 2805 3647 fabulas
2850 3580 2934 3645 ad
2980 3581 3133 3646 deos
3180 3588 3243 3645 et
3285 3581 3515 3645 heroes

821 3705 1212 3789 pertinentes
1278 3722 1750 3786 nonnumquam
1819 3722 2347 3768 commemorasse
2408 3702 2754 3767 ostendunt
2810 3701 3038 3784 fragm.
3090 3701 3383 3765 XXXIII
3452 3707 3519 3765 et

823 3825 1139 3903 XXXIV3
1208 3832 1542 3908 praeterea
1601 3824 1682 3889 cf.
1733 3825 2064 3908 Luzacp.
2124 3828 2265 3906 177,
2315 3826 2373 3887 9.
2485 3823 2724 3887 Zenob.
2780 3822 2867 3886 VI
2918 3823 2994 3884 18
3059 3823 3378 3907 ἱστορεῖται
3421 3817 3515 3885 ὅτι

823 3941 1090 4015 Τιθωνὸς
1131 3940 1262 4009 κατ’
1317 3940 1502 4031 εὐχήν
1532 3941 1597 4008 τὸ
1630 3950 1821 4031 γῆρας
1850 3942 2220 4028 ἀποθέμενος
2250 3944 2432 4014 τέττιξ
2463 3943 2717 4028 ἐγένετο,
2773 3936 2854 4014 ὥς
2900 3967 3050 4028 φησι
3094 3940 3516 4028 Κλέαρχος

823 4069 886 4129 ἐν
932 4071 1019 4151 τῷ
1075 4064 1210 4152 περὶ
1271 4066 1437 4151 βίων.
1545 4063 2012 4131 Clearchus
2071 4064 2245 4148 apud
2287 4063 2437 4128 Ath.
2473 4065 2505 4127 I
2551 4085 2614 4147 p.
2653 4067 2691 4126 6
2723 4063 2776 4127 Β
2834 4061 3113 4127 Τιθωνοῦ
3168 4058 3515 4134 Μελάνθιος

820 4187 985 4250 ἔοικε
1042 4182 1486 4273 βουλεύσασθαι
1545 4187 1797 4272 βέλτιον·
1860 4182 1891 4249 ὃ
1953 4185 2058 4270 μὲν
2118 4182 2234 4269 γὰρ
2292 4181 2629 4255 ἀθανασίας
2687 4179 3063 4268 ἐπιθυμήσας
3126 4185 3188 4247 ἐν
3252 4180 3516 4269 θαλάμῳ

823 4310 1154 4394 κρέμαται,
1219 4302 1452 4371 πάντων
1515 4302 1624 4370 ὑπὸ
1684 4302 1880 4391 γήρως
1938 4306 2328 4392 ἐστερημένος
2386 4308 2504 4368 τῶν
2562 4300 2758 4389 ἡδέων
2820 4307 2947 4368 κτλ.
3022 4304 3124 4387 (cf.
3183 4303 3332 4368 Ath.
3385 4304 3518 4367 XII

825 4451 889 4513 p.
929 4431 1052 4493 548
1085 4430 1187 4506 F).
1285 4427 1418 4493 Cic.
1472 4427 1630 4492 Cato
1675 4428 1828 4491 mai.
1871 4431 1926 4506 1,
1967 4430 2004 4490 3
2061 4448 2299 4489 omnem
2355 4434 2555 4488 autem
2618 4447 2959 4487 sermonem
3020 4424 3345 4487 tribuimus
3388 4447 3518 4486 non

835 4550 1119 4627 Titlcom,
1157 4556 1227 4611 ut
1246 4553 1311 4612 A
1330 4549 1450 4611 ris
1469 4556 1542 4610 to
1582 4552 1784 4611 Ceu-s·
1804 4576 1824 4610 .-
1850 4569 2084 4629 parum
2114 4547 2277 4609 enim
2308 4553 2466 4608 esset
2494 4546 2890 4609 auctoritatis
2921 4544 3239 4629 insabula
3268 4564 3327 4609 e.
3358 4565 3421 4627 q.
3452 4566 3512 4609 s.

826 4670 1354 4735 Philodemus
1416 4669 1496 4733 de
1556 4668 1708 4752 piet.
1787 4668 1888 4750 (cf.
1958 4667 2341 4743 Buecheler,
2406 4666 2629 4729 Jahrb.
2674 4668 2750 4751 f.
2818 4667 3001 4729 class.
3054 4666 3292 4729 Philol.
3348 4666 3517 4728 1865

823 4813 888 4899 p.
929 4793 1070 4895 ⁶516)
1127 4788 1228 4854 καὶ
1267 4786 1647 4861 Ἀκουσίλαος
1692 4784 1962 4851 Τιθωνὸν
2009 4787 2112 4871 μὲν
2157 4792 2285 4851 κτλ.
