<?xml version="1.0" encoding="UTF-8"?>
<!DOCTYPE html PUBLIC "-//W3C//DTD XHTML 1.0 Transitional//EN"
    "http://www.w3.org/TR/xhtml1/DTD/xhtml1-transitional.dtd">
<html xmlns="http://www.w3.org/1999/xhtml" xml:lang="en" lang="en">
 <head>
  <title>
</title>
<meta http-equiv="Content-Type" content="text/html;charset=utf-8" />
  <meta name='ocr-system' content='tesseract 3.04.00' />
  <meta name='ocr-capabilities' content='ocr_page ocr_carea ocr_par ocr_line ocrx_word'/>
</head>
<body>
  <div class='ocr_page' id='page_1' title='image "./hieromymirkedii01hillgoog_0030.png"; bbox 0 0 3785 5187; ppageno 0'>
   <div class='ocr_carea' id='block_1_1' title="bbox 797 342 2333 408">
    <p class='ocr_par' dir='ltr' id='par_1_1' title="bbox 797 342 2333 408">
     <span class='ocr_line' id='line_1_1' title="bbox 797 342 2333 408; baseline 0.001 -13"><span class='ocrx_word' id='word_1_1' title='bbox 797 346 876 408; x_wconf 83' lang='lat'>28</span> <span class='ocrx_word' id='word_1_2' title='bbox 1944 344 2007 397; x_wconf 89' lang='lat' dir='ltr'>E.</span> <span class='ocrx_word' id='word_1_3' title='bbox 2052 342 2333 398; x_wconf 84' lang='lat' dir='ltr'>HILLER</span> 
     </span>
    </p>
   </div>
   <div class='ocr_carea' id='block_1_2' title="bbox 796 528 3499 4854">
    <p class='ocr_par' dir='ltr' id='par_1_2' title="bbox 796 528 3494 1708">
     <span class='ocr_line' id='line_1_2' title="bbox 796 528 3491 622; baseline 0.003 -26"><span class='ocrx_word' id='word_1_4' title='bbox 796 528 1153 619; x_wconf 78' lang='grc' dir='ltr'>Ἀριστείδου</span> <span class='ocrx_word' id='word_1_5' title='bbox 1215 529 1476 618; x_wconf 80' lang='grc' dir='ltr'>Μυρτώ,</span> <span class='ocrx_word' id='word_1_6' title='bbox 1544 530 1615 597; x_wconf 75' lang='grc' dir='ltr'>οὐ</span> <span class='ocrx_word' id='word_1_7' title='bbox 1672 539 1776 596; x_wconf 77' lang='grc' dir='ltr'>τοῦ</span> <span class='ocrx_word' id='word_1_8' title='bbox 1823 534 2057 598; x_wconf 78' lang='grc' dir='ltr'>δικαίου</span> <span class='ocrx_word' id='word_1_9' title='bbox 2114 535 2521 618; x_wconf 81' lang='grc' dir='ltr'>καλουμένου,</span> <span class='ocrx_word' id='word_1_10' title='bbox 2588 535 2645 597; x_wconf 81' lang='grc' dir='ltr'>οἱ</span> <span class='ocrx_word' id='word_1_11' title='bbox 2696 529 2906 620; x_wconf 85' lang='grc' dir='ltr'>χρόνοι</span> <span class='ocrx_word' id='word_1_12' title='bbox 2967 529 3082 620; x_wconf 81' lang='grc' dir='ltr'>γὰρ</span> <span class='ocrx_word' id='word_1_13' title='bbox 3128 531 3197 599; x_wconf 78' lang='grc' dir='ltr'>οὐ</span> <span class='ocrx_word' id='word_1_14' title='bbox 3245 561 3491 622; x_wconf 85' lang='grc' dir='ltr'>συγχω-</span> 
     </span>
     <span class='ocr_line' id='line_1_3' title="bbox 806 649 3492 743; baseline 0.002 -25"><span class='ocrx_word' id='word_1_15' title='bbox 806 660 1040 739; x_wconf 76' lang='grc' dir='ltr'>ροῦσιν,</span> <span class='ocrx_word' id='word_1_16' title='bbox 1109 651 1264 719; x_wconf 82' lang='grc' dir='ltr'>ἀλλὰ</span> <span class='ocrx_word' id='word_1_17' title='bbox 1323 658 1428 718; x_wconf 81' lang='grc' dir='ltr'>τοῦ</span> <span class='ocrx_word' id='word_1_18' title='bbox 1484 653 1680 740; x_wconf 84' lang='grc' dir='ltr'>τρίτου</span> <span class='ocrx_word' id='word_1_19' title='bbox 1742 649 1845 718; x_wconf 84' lang='grc' dir='ltr'>ἀπ’</span> <span class='ocrx_word' id='word_1_20' title='bbox 1918 654 2169 718; x_wconf 85' lang='grc' dir='ltr'>ἐκείνου.</span> <span class='ocrx_word' id='word_1_21' title='bbox 2266 653 2381 717; x_wconf 81' lang='grc' dir='ltr'>εἰσὶ</span> <span class='ocrx_word' id='word_1_22' title='bbox 2442 653 2509 718; x_wconf 89' lang='grc' dir='ltr'>δὲ</span> <span class='ocrx_word' id='word_1_23' title='bbox 2570 652 3025 739; x_wconf 76' lang='grc' dir='ltr'>Καλλισθένης,</span> <span class='ocrx_word' id='word_1_24' title='bbox 3078 653 3492 743; x_wconf 77' lang='grc' dir='ltr'>Δημήτριοςδ</span> 
     </span>
     <span class='ocr_line' id='line_1_4' title="bbox 811 769 3492 864; baseline 0.001 -25"><span class='ocrx_word' id='word_1_25' title='bbox 811 771 1165 862; x_wconf 75' lang='grc' dir='ltr'>Φαληρεύς,</span> <span class='ocrx_word' id='word_1_26' title='bbox 1219 771 1486 861; x_wconf 85' lang='grc' dir='ltr'>Σάτυρος</span> <span class='ocrx_word' id='word_1_27' title='bbox 1533 771 1564 840; x_wconf 76' lang='grc' dir='ltr'><strong>ὃ</strong></span> <span class='ocrx_word' id='word_1_28' title='bbox 1607 770 2104 860; x_wconf 82' lang='grc' dir='ltr'>περιπατητικός,</span> <span class='ocrx_word' id='word_1_29' title='bbox 2150 769 2574 860; x_wconf 75' lang='grc' dir='ltr'>Ἀριστόξενος,</span> <span class='ocrx_word' id='word_1_30' title='bbox 2629 773 2717 847; x_wconf 87' lang='grc' dir='ltr'>οἷς</span> <span class='ocrx_word' id='word_1_31' title='bbox 2761 771 2826 838; x_wconf 83' lang='grc' dir='ltr'>τὸ</span> <span class='ocrx_word' id='word_1_32' title='bbox 2872 771 3183 860; x_wconf 86' lang='grc' dir='ltr'>ἐνδόσιμον</span> <span class='ocrx_word' id='word_1_33' title='bbox 3222 774 3492 864; x_wconf 86' lang='grc' dir='ltr'>Ἀριστο-</span> 
     </span>
     <span class='ocr_line' id='line_1_5' title="bbox 798 889 3489 985; baseline 0.001 -26"><span class='ocrx_word' id='word_1_34' title='bbox 798 896 974 980; x_wconf 85' lang='grc' dir='ltr'>τέλης</span> <span class='ocrx_word' id='word_1_35' title='bbox 1030 896 1252 961; x_wconf 84' lang='grc' dir='ltr'>ἔδωκεν</span> <span class='ocrx_word' id='word_1_36' title='bbox 1303 899 1549 982; x_wconf 78' lang='grc' dir='ltr'>ἱστορῶν</span> <span class='ocrx_word' id='word_1_37' title='bbox 1607 899 1780 960; x_wconf 76' lang='grc' dir='ltr'>τοῦτο</span> <span class='ocrx_word' id='word_1_38' title='bbox 1837 898 1900 960; x_wconf 88' lang='grc' dir='ltr'>ἐν</span> <span class='ocrx_word' id='word_1_39' title='bbox 1946 920 2031 982; x_wconf 79' lang='grc' dir='ltr'>τῳ</span> <span class='ocrx_word' id='word_1_40' title='bbox 2080 895 2215 981; x_wconf 83' lang='grc' dir='ltr'>περὶ</span> <span class='ocrx_word' id='word_1_41' title='bbox 2262 891 2584 980; x_wconf 73' lang='grc' dir='ltr'>εὐγενείας.</span> <span class='ocrx_word' id='word_1_42' title='bbox 2665 897 2718 960; x_wconf 80' lang='grc' dir='ltr'>εἰ</span> <span class='ocrx_word' id='word_1_43' title='bbox 2779 891 2857 980; x_wconf 80' lang='grc' dir='ltr'>μη</span> <span class='ocrx_word' id='word_1_44' title='bbox 2923 889 3041 982; x_wconf 73' lang='grc' dir='ltr'>ἄρα</span> <span class='ocrx_word' id='word_1_45' title='bbox 3103 923 3489 985; x_wconf 88' lang='grc' dir='ltr'>συγκεχωρη-</span> 
     </span>
     <span class='ocr_line' id='line_1_6' title="bbox 805 1010 3494 1103; baseline 0.001 -21"><span class='ocrx_word' id='word_1_46' title='bbox 805 1019 979 1102; x_wconf 83' lang='grc' dir='ltr'>μένον</span> <span class='ocrx_word' id='word_1_47' title='bbox 1036 1015 1192 1082; x_wconf 84' lang='grc' dir='ltr'>κοιτὰ</span> <span class='ocrx_word' id='word_1_48' title='bbox 1251 1013 1531 1103; x_wconf 76' lang='grc' dir='ltr'>ψήφισμα</span> <span class='ocrx_word' id='word_1_49' title='bbox 1575 1021 1748 1082; x_wconf 80' lang='grc' dir='ltr'>τοῦτο</span> <span class='ocrx_word' id='word_1_50' title='bbox 1796 1017 2027 1103; x_wconf 84' lang='grc' dir='ltr'>ἐγένετο</span> <span class='ocrx_word' id='word_1_51' title='bbox 2072 1013 2203 1081; x_wconf 86' lang='grc' dir='ltr'>τότε</span> <span class='ocrx_word' id='word_1_52' title='bbox 2265 1013 2365 1079; x_wconf 78' lang='grc' dir='ltr'>διὰ</span> <span class='ocrx_word' id='word_1_53' title='bbox 2411 1011 2617 1080; x_wconf 84' lang='grc' dir='ltr'>σπάνιν</span> <span class='ocrx_word' id='word_1_54' title='bbox 2672 1013 3030 1103; x_wconf 83' lang='grc' dir='ltr'>ἀνθρώπων,</span> <span class='ocrx_word' id='word_1_55' title='bbox 3082 1010 3227 1083; x_wconf 74' lang='grc' dir='ltr'>ὥστ’</span> <span class='ocrx_word' id='word_1_56' title='bbox 3284 1023 3494 1092; x_wconf 76' lang='grc' dir='ltr'>ἐξεῖναι</span> 
     </span>
     <span class='ocr_line' id='line_1_7' title="bbox 803 1125 3493 1226; baseline 0.002 -25"><span class='ocrx_word' id='word_1_57' title='bbox 803 1139 904 1202; x_wconf 82' lang='grc' dir='ltr'>καὶ</span> <span class='ocrx_word' id='word_1_58' title='bbox 953 1134 1058 1203; x_wconf 75' lang='grc' dir='ltr'>δύο</span> <span class='ocrx_word' id='word_1_59' title='bbox 1105 1139 1266 1225; x_wconf 84' lang='grc' dir='ltr'>ἔχειν</span> <span class='ocrx_word' id='word_1_60' title='bbox 1311 1140 1597 1224; x_wconf 89' lang='grc' dir='ltr'>γυναῖκας</span> <span class='ocrx_word' id='word_1_61' title='bbox 1641 1134 1738 1202; x_wconf 83' lang='grc' dir='ltr'>τὸν</span> <span class='ocrx_word' id='word_1_62' title='bbox 1784 1134 2168 1223; x_wconf 86' lang='grc' dir='ltr'>βουλόμενον.</span> <span class='ocrx_word' id='word_1_63' title='bbox 2219 1125 2359 1202; x_wconf 74' lang='grc' dir='ltr'>ὅθεν</span> <span class='ocrx_word' id='word_1_64' title='bbox 2406 1137 2507 1201; x_wconf 91' lang='grc' dir='ltr'>καὶ</span> <span class='ocrx_word' id='word_1_65' title='bbox 2552 1132 2686 1209; x_wconf 81' lang='grc' dir='ltr'>τοὺς</span> <span class='ocrx_word' id='word_1_66' title='bbox 2730 1143 2835 1223; x_wconf 86' lang='grc' dir='ltr'>τῆς</span> <span class='ocrx_word' id='word_1_67' title='bbox 2882 1141 3202 1225; x_wconf 82' lang='grc' dir='ltr'>κωμῳδίας</span> <span class='ocrx_word' id='word_1_68' title='bbox 3246 1140 3493 1226; x_wconf 80' lang='grc' dir='ltr'>ποιητὰς</span> 
     </span>
     <span class='ocr_line' id='line_1_8' title="bbox 802 1234 3491 1352; baseline 0.001 -29"><span class='ocrx_word' id='word_1_69' title='bbox 802 1234 1225 1344; x_wconf 78' lang='grc' dir='ltr'>ἀποσιωπῆσαι</span> <span class='ocrx_word' id='word_1_70' title='bbox 1282 1265 1488 1341; x_wconf 74' lang='grc' dir='ltr'>τοῦτο,</span> <span class='ocrx_word' id='word_1_71' title='bbox 1555 1256 1840 1331; x_wconf 76' lang='grc' dir='ltr'>πολλάκις</span> <span class='ocrx_word' id='word_1_72' title='bbox 1899 1264 2003 1352; x_wconf 54' lang='grc' dir='ltr'>τοῦ</span> <span class='ocrx_word' id='word_1_73' title='bbox 2060 1254 2415 1344; x_wconf 81' lang='grc' dir='ltr'>Σωκράτους</span> <span class='ocrx_word' id='word_1_74' title='bbox 2476 1254 2974 1343; x_wconf 77' lang='grc' dir='ltr'>μνημονεύοντας.</span> <span class='ocrx_word' id='word_1_75' title='bbox 3066 1263 3365 1348; x_wconf 80' lang='grc' dir='ltr'>παρέθετο</span> <span class='ocrx_word' id='word_1_76' title='bbox 3428 1263 3491 1340; x_wconf 83' lang='grc' dir='ltr'>δὲ</span> 
     </span>
     <span class='ocr_line' id='line_1_9' title="bbox 813 1374 3494 1470; baseline 0.002 -27"><span class='ocrx_word' id='word_1_77' title='bbox 813 1377 896 1461; x_wconf 84' lang='grc' dir='ltr'>(τὸ</span> <span class='ocrx_word' id='word_1_78' title='bbox 943 1380 1090 1445; x_wconf 85' lang='lat' dir='ltr'>add.</span> <span class='ocrx_word' id='word_1_79' title='bbox 1145 1381 1463 1462; x_wconf 83' lang='lat' dir='ltr'>Meineke)</span> <span class='ocrx_word' id='word_1_80' title='bbox 1517 1379 1654 1466; x_wconf 85' lang='grc' dir='ltr'>περὶ</span> <span class='ocrx_word' id='word_1_81' title='bbox 1716 1386 2014 1465; x_wconf 83' lang='grc' dir='ltr'>γυναικῶν</span> <span class='ocrx_word' id='word_1_82' title='bbox 2075 1375 2355 1466; x_wconf 78' lang='grc' dir='ltr'>ψήφισμα</span> <span class='ocrx_word' id='word_1_83' title='bbox 2398 1375 2767 1465; x_wconf 78' lang='grc' dir='ltr'>Ἱερώνυμος</span> <span class='ocrx_word' id='word_1_84' title='bbox 2814 1376 2843 1444; x_wconf 79' lang='grc' dir='ltr'><strong>ὃ</strong></span> <span class='ocrx_word' id='word_1_85' title='bbox 2890 1377 3157 1463; x_wconf 82' lang='grc' dir='ltr'>Ῥόδιος,</span> <span class='ocrx_word' id='word_1_86' title='bbox 3208 1374 3354 1470; x_wconf 59' lang='grc' dir='ltr'>’ὅπερ</span> <span class='ocrx_word' id='word_1_87' title='bbox 3402 1411 3494 1448; x_wconf 88' lang='grc' dir='ltr'>σοι</span> 
     </span>
     <span class='ocr_line' id='line_1_10' title="bbox 811 1497 3491 1589; baseline 0.001 -25"><span class='ocrx_word' id='word_1_88' title='bbox 811 1503 1227 1588; x_wconf 81' lang='grc' dir='ltr'>διαπέμψομαι</span> <span class='ocrx_word' id='word_1_89' title='bbox 1286 1498 1622 1588; x_wconf 74' lang='grc' dir='ltr'>εὐπορήσας</span> <span class='ocrx_word' id='word_1_90' title='bbox 1677 1505 1781 1566; x_wconf 76' lang='grc' dir='ltr'>τοῦ</span> <span class='ocrx_word' id='word_1_91' title='bbox 1829 1501 2088 1588; x_wconf 87' lang='grc' dir='ltr'>βιβλίου.</span> <span class='ocrx_word' id='word_1_92' title='bbox 2153 1497 2390 1565; x_wconf 83' lang='grc' dir='ltr'>ἀντεῖπε</span> <span class='ocrx_word' id='word_1_93' title='bbox 2438 1499 2503 1564; x_wconf 84' lang='grc' dir='ltr'>δὲ</span> <span class='ocrx_word' id='word_1_94' title='bbox 2554 1502 2677 1573; x_wconf 87' lang='grc' dir='ltr'>τοῖς</span> <span class='ocrx_word' id='word_1_95' title='bbox 2723 1502 2966 1586; x_wconf 91' lang='grc' dir='ltr'>λέγουσι</span> <span class='ocrx_word' id='word_1_96' title='bbox 3007 1501 3143 1589; x_wconf 89' lang='grc' dir='ltr'>περὶ</span> <span class='ocrx_word' id='word_1_97' title='bbox 3187 1508 3304 1567; x_wconf 82' lang='grc' dir='ltr'>τῶν</span> <span class='ocrx_word' id='word_1_98' title='bbox 3352 1504 3491 1567; x_wconf 91' lang='grc' dir='ltr'>Σω-</span> 
     </span>
     <span class='ocr_line' id='line_1_11' title="bbox 803 1617 2141 1708; baseline -0.002 -22"><span class='ocrx_word' id='word_1_99' title='bbox 803 1619 1056 1708; x_wconf 85' lang='grc' dir='ltr'>κράτους</span> <span class='ocrx_word' id='word_1_100' title='bbox 1101 1629 1396 1708; x_wconf 84' lang='grc' dir='ltr'>γυναικῶν</span> <span class='ocrx_word' id='word_1_101' title='bbox 1445 1622 1771 1694; x_wconf 82' lang='grc' dir='ltr'>Παναίτιος</span> <span class='ocrx_word' id='word_1_102' title='bbox 1816 1618 1849 1686; x_wconf 80' lang='grc' dir='ltr'>δ</span> <span class='ocrx_word' id='word_1_103' title='bbox 1882 1617 2141 1694; x_wconf 85' lang='grc' dir='ltr'>Ῥόδιος.</span> 
     </span>
    </p>

    <p class='ocr_par' dir='ltr' id='par_1_3' title="bbox 803 1738 3495 2799">
     <span class='ocr_line' id='line_1_12' title="bbox 979 1738 3483 1829; baseline 0.002 -23"><span class='ocrx_word' id='word_1_104' title='bbox 979 1747 1035 1806; x_wconf 87' lang='grc'>3.</span> <span class='ocrx_word' id='word_1_105' title='bbox 1093 1745 1304 1807; x_wconf 81' lang='lat' dir='ltr'>Laert.</span> <span class='ocrx_word' id='word_1_106' title='bbox 1358 1744 1421 1807; x_wconf 93' lang='lat' dir='ltr'>II</span> <span class='ocrx_word' id='word_1_107' title='bbox 1469 1747 1548 1806; x_wconf 85' lang='lat'>26</span> <span class='ocrx_word' id='word_1_108' title='bbox 1625 1742 1772 1829; x_wconf 87' lang='grc' dir='ltr'>φησὶ</span> <span class='ocrx_word' id='word_1_109' title='bbox 1831 1739 1888 1806; x_wconf 84' lang='grc' dir='ltr'>δ’</span> <span class='ocrx_word' id='word_1_110' title='bbox 1938 1739 2345 1827; x_wconf 86' lang='grc' dir='ltr'>Ἀριστοτέλης</span> <span class='ocrx_word' id='word_1_111' title='bbox 2400 1738 2507 1806; x_wconf 75' lang='grc' dir='ltr'>δύο</span> <span class='ocrx_word' id='word_1_112' title='bbox 2553 1744 2839 1827; x_wconf 88' lang='grc' dir='ltr'>γυναῖκας</span> <span class='ocrx_word' id='word_1_113' title='bbox 2888 1740 3063 1808; x_wconf 76' lang='grc' dir='ltr'>αὐτὸν</span> <span class='ocrx_word' id='word_1_114' title='bbox 3122 1746 3483 1829; x_wconf 83' lang='lat' dir='ltr'>(Socratem)</span> 
     </span>
     <span class='ocr_line' id='line_1_13' title="bbox 805 1856 3482 1952; baseline 0.001 -24"><span class='ocrx_word' id='word_1_115' title='bbox 805 1861 1180 1949; x_wconf 78' lang='grc' dir='ltr'>ἀγαγέσθαι,</span> <span class='ocrx_word' id='word_1_116' title='bbox 1251 1866 1545 1950; x_wconf 87' lang='grc' dir='ltr'>προτέραν</span> <span class='ocrx_word' id='word_1_117' title='bbox 1607 1863 1712 1948; x_wconf 87' lang='grc' dir='ltr'>μὲν</span> <span class='ocrx_word' id='word_1_118' title='bbox 1773 1863 2153 1947; x_wconf 79' lang='grc' dir='ltr'>Ξανθίππην,</span> <span class='ocrx_word' id='word_1_119' title='bbox 2238 1866 2297 1934; x_wconf 78' lang='grc' dir='ltr'>ἐξ</span> <span class='ocrx_word' id='word_1_120' title='bbox 2363 1856 2435 1948; x_wconf 82' lang='grc' dir='ltr'>ἧς</span> <span class='ocrx_word' id='word_1_121' title='bbox 2504 1859 2665 1949; x_wconf 77' lang='grc' dir='ltr'>αὐτῷ</span> <span class='ocrx_word' id='word_1_122' title='bbox 2720 1865 3006 1948; x_wconf 87' lang='grc' dir='ltr'>γενέσθαι</span> <span class='ocrx_word' id='word_1_123' title='bbox 3061 1866 3482 1952; x_wconf 83' lang='grc' dir='ltr'>Λαμπροκλέα,</span> 
     </span>
     <span class='ocr_line' id='line_1_14' title="bbox 807 1981 3493 2073; baseline 0.002 -25"><span class='ocrx_word' id='word_1_124' title='bbox 807 1985 1088 2070; x_wconf 87' lang='grc' dir='ltr'>δευτέραν</span> <span class='ocrx_word' id='word_1_125' title='bbox 1136 1985 1201 2049; x_wconf 86' lang='grc' dir='ltr'>δὲ</span> <span class='ocrx_word' id='word_1_126' title='bbox 1250 1981 1512 2071; x_wconf 83' lang='grc' dir='ltr'>Μυρτώ,</span> <span class='ocrx_word' id='word_1_127' title='bbox 1574 1983 1680 2069; x_wconf 77' lang='grc' dir='ltr'>την</span> <span class='ocrx_word' id='word_1_128' title='bbox 1718 1981 2078 2070; x_wconf 85' lang='grc' dir='ltr'>Ἀριστείδου</span> <span class='ocrx_word' id='word_1_129' title='bbox 2122 1988 2227 2047; x_wconf 79' lang='grc' dir='ltr'>τοῦ</span> <span class='ocrx_word' id='word_1_130' title='bbox 2275 1985 2510 2048; x_wconf 88' lang='grc' dir='ltr'>δικαίου</span> <span class='ocrx_word' id='word_1_131' title='bbox 2556 1985 2861 2071; x_wconf 77' lang='grc' dir='ltr'>θυγατέρα</span> <span class='ocrx_word' id='word_1_132' title='bbox 2918 1987 3301 2073; x_wconf 78' lang='grc' dir='ltr'>(θυγατριδῆν</span> <span class='ocrx_word' id='word_1_133' title='bbox 3333 1988 3493 2053; x_wconf 82' lang='lat' dir='ltr'>falso</span> 
     </span>
     <span class='ocr_line' id='line_1_15' title="bbox 809 2100 3494 2196; baseline 0.001 -26"><span class='ocrx_word' id='word_1_134' title='bbox 809 2105 972 2170; x_wconf 86' lang='lat' dir='ltr'>coni.</span> <span class='ocrx_word' id='word_1_135' title='bbox 1011 2106 1381 2189; x_wconf 65' lang='lat' dir='ltr'>MenagiUS,</span> <span class='ocrx_word' id='word_1_136' title='bbox 1435 2106 1518 2171; x_wconf 84' lang='lat' dir='ltr'>cf.</span> <span class='ocrx_word' id='word_1_137' title='bbox 1559 2106 1735 2171; x_wconf 85' lang='lat' dir='ltr'>Stob.</span> <span class='ocrx_word' id='word_1_138' title='bbox 1776 2105 1948 2170; x_wconf 84' lang='lat' dir='ltr'>Flor.</span> <span class='ocrx_word' id='word_1_139' title='bbox 1988 2105 2324 2169; x_wconf 90' lang='lat' dir='ltr'>LXXXVI</span> <span class='ocrx_word' id='word_1_140' title='bbox 2371 2108 2502 2188; x_wconf 84' lang='lat'>25),</span> <span class='ocrx_word' id='word_1_141' title='bbox 2554 2100 2626 2190; x_wconf 74' lang='grc' dir='ltr'>ἣν</span> <span class='ocrx_word' id='word_1_142' title='bbox 2674 2106 2776 2170; x_wconf 86' lang='grc' dir='ltr'>καὶ</span> <span class='ocrx_word' id='word_1_143' title='bbox 2823 2100 3108 2193; x_wconf 78' lang='grc' dir='ltr'>ἄπροικον</span> <span class='ocrx_word' id='word_1_144' title='bbox 3155 2110 3385 2196; x_wconf 87' lang='grc' dir='ltr'>λαβεῖν,</span> <span class='ocrx_word' id='word_1_145' title='bbox 3438 2113 3494 2180; x_wconf 75' lang='grc' dir='ltr'>ἐξ</span> 
     </span>
     <span class='ocr_line' id='line_1_16' title="bbox 803 2221 3493 2316; baseline 0.001 -26"><span class='ocrx_word' id='word_1_146' title='bbox 803 2221 877 2311; x_wconf 82' lang='grc' dir='ltr'>ἧς</span> <span class='ocrx_word' id='word_1_147' title='bbox 920 2228 1204 2311; x_wconf 89' lang='grc' dir='ltr'>γενέσθαι</span> <span class='ocrx_word' id='word_1_148' title='bbox 1250 2227 1668 2313; x_wconf 85' lang='grc' dir='ltr'>Σωφρονίσκον</span> <span class='ocrx_word' id='word_1_149' title='bbox 1728 2225 1830 2290; x_wconf 88' lang='grc' dir='ltr'>καὶ</span> <span class='ocrx_word' id='word_1_150' title='bbox 1879 2225 2246 2296; x_wconf 77' lang='grc' dir='ltr'>Μενέξενον·</span> <span class='ocrx_word' id='word_1_151' title='bbox 2298 2229 2354 2290; x_wconf 87' lang='grc' dir='ltr'>οἱ</span> <span class='ocrx_word' id='word_1_152' title='bbox 2413 2226 2478 2291; x_wconf 86' lang='grc' dir='ltr'>δὲ</span> <span class='ocrx_word' id='word_1_153' title='bbox 2521 2229 2813 2312; x_wconf 89' lang='grc' dir='ltr'>προτέραν</span> <span class='ocrx_word' id='word_1_154' title='bbox 2870 2233 3062 2312; x_wconf 87' lang='grc' dir='ltr'>γῆμαι</span> <span class='ocrx_word' id='word_1_155' title='bbox 3114 2225 3220 2314; x_wconf 81' lang='grc' dir='ltr'>τὴν</span> <span class='ocrx_word' id='word_1_156' title='bbox 3271 2226 3493 2316; x_wconf 84' lang='grc' dir='ltr'>Μυρτώ</span> 
     </span>
     <span class='ocr_line' id='line_1_17' title="bbox 806 2341 3493 2437; baseline 0 -26"><span class='ocrx_word' id='word_1_157' title='bbox 806 2371 1023 2434; x_wconf 86' lang='grc' dir='ltr'>φασιν·</span> <span class='ocrx_word' id='word_1_158' title='bbox 1085 2349 1233 2412; x_wconf 87' lang='grc' dir='ltr'>ἔνιοι</span> <span class='ocrx_word' id='word_1_159' title='bbox 1293 2347 1357 2411; x_wconf 87' lang='grc' dir='ltr'>δὲ</span> <span class='ocrx_word' id='word_1_160' title='bbox 1403 2347 1503 2412; x_wconf 88' lang='grc' dir='ltr'>καὶ</span> <span class='ocrx_word' id='word_1_161' title='bbox 1565 2346 1910 2433; x_wconf 82' lang='grc' dir='ltr'>ἀμφοτέρας</span> <span class='ocrx_word' id='word_1_162' title='bbox 1970 2347 2131 2433; x_wconf 86' lang='grc' dir='ltr'>ἔχειν</span> <span class='ocrx_word' id='word_1_163' title='bbox 2178 2344 2360 2432; x_wconf 80' lang='grc' dir='ltr'>ὃμοῦ,</span> <span class='ocrx_word' id='word_1_164' title='bbox 2429 2341 2506 2411; x_wconf 82' lang='grc' dir='ltr'>ὧν</span> <span class='ocrx_word' id='word_1_165' title='bbox 2553 2352 2678 2413; x_wconf 84' lang='grc' dir='ltr'>ἐστι</span> <span class='ocrx_word' id='word_1_166' title='bbox 2725 2345 2989 2435; x_wconf 81' lang='grc' dir='ltr'>Σάτυρός</span> <span class='ocrx_word' id='word_1_167' title='bbox 3034 2375 3097 2414; x_wconf 93' lang='grc' dir='ltr'>τε</span> <span class='ocrx_word' id='word_1_168' title='bbox 3142 2348 3242 2415; x_wconf 87' lang='grc' dir='ltr'>καὶ</span> <span class='ocrx_word' id='word_1_169' title='bbox 3274 2347 3493 2437; x_wconf 78' lang='grc' dir='ltr'>Ἱερώ-</span> 
     </span>
     <span class='ocr_line' id='line_1_18' title="bbox 806 2464 3490 2556; baseline 0.001 -23"><span class='ocrx_word' id='word_1_170' title='bbox 806 2492 988 2554; x_wconf 88' lang='grc' dir='ltr'>νυμος</span> <span class='ocrx_word' id='word_1_171' title='bbox 1033 2466 1064 2533; x_wconf 79' lang='grc' dir='ltr'><strong>ὃ</strong></span> <span class='ocrx_word' id='word_1_172' title='bbox 1099 2465 1366 2541; x_wconf 66' lang='grc' dir='ltr'>εΡόδιος.</span> <span class='ocrx_word' id='word_1_173' title='bbox 1429 2466 1575 2555; x_wconf 86' lang='grc' dir='ltr'>φασὶ</span> <span class='ocrx_word' id='word_1_174' title='bbox 1619 2465 1733 2555; x_wconf 81' lang='grc' dir='ltr'>γὰρ</span> <span class='ocrx_word' id='word_1_175' title='bbox 1771 2470 2175 2556; x_wconf 80' lang='grc' dir='ltr'>βουληθέντας</span> <span class='ocrx_word' id='word_1_176' title='bbox 2212 2465 2563 2553; x_wconf 86' lang='grc' dir='ltr'>Ἀθηναίους</span> <span class='ocrx_word' id='word_1_177' title='bbox 2611 2464 2711 2533; x_wconf 81' lang='grc' dir='ltr'>διὰ</span> <span class='ocrx_word' id='word_1_178' title='bbox 2756 2467 2820 2533; x_wconf 87' lang='grc' dir='ltr'>τὸ</span> <span class='ocrx_word' id='word_1_179' title='bbox 2869 2473 3238 2556; x_wconf 83' lang='grc' dir='ltr'>λειπανδρεῖν</span> <span class='ocrx_word' id='word_1_180' title='bbox 3273 2496 3490 2535; x_wconf 91' lang='grc' dir='ltr'>συναυ-</span> 
     </span>
     <span class='ocr_line' id='line_1_19' title="bbox 805 2587 3495 2677; baseline 0 -23"><span class='ocrx_word' id='word_1_181' title='bbox 805 2593 982 2675; x_wconf 79' lang='grc' dir='ltr'>ξῆσαι</span> <span class='ocrx_word' id='word_1_182' title='bbox 1026 2587 1090 2655; x_wconf 84' lang='grc' dir='ltr'>τὸ</span> <span class='ocrx_word' id='word_1_183' title='bbox 1137 2591 1369 2675; x_wconf 86' lang='grc' dir='ltr'>πλῆθος</span> <span class='ocrx_word' id='word_1_184' title='bbox 1415 2590 1835 2677; x_wconf 80' lang='grc' dir='ltr'>ψηφίσασθαι,</span> <span class='ocrx_word' id='word_1_185' title='bbox 1885 2591 2096 2675; x_wconf 84' lang='grc' dir='ltr'>γαμεῖν</span> <span class='ocrx_word' id='word_1_186' title='bbox 2146 2588 2250 2674; x_wconf 87' lang='grc' dir='ltr'>μὲν</span> <span class='ocrx_word' id='word_1_187' title='bbox 2298 2587 2479 2676; x_wconf 72' lang='grc' dir='ltr'>ἀστὴν</span> <span class='ocrx_word' id='word_1_188' title='bbox 2528 2592 2696 2676; x_wconf 74' lang='grc' dir='ltr'>μίαν,</span> <span class='ocrx_word' id='word_1_189' title='bbox 2746 2593 3240 2658; x_wconf 88' lang='grc' dir='ltr'>παιδοποιεῖσθαι</span> <span class='ocrx_word' id='word_1_190' title='bbox 3287 2593 3353 2658; x_wconf 87' lang='grc' dir='ltr'>δὲ</span> <span class='ocrx_word' id='word_1_191' title='bbox 3398 2591 3495 2659; x_wconf 88' lang='grc' dir='ltr'>καὶ</span> 
     </span>
     <span class='ocr_line' id='line_1_20' title="bbox 806 2704 2398 2799; baseline -0.002 -22"><span class='ocrx_word' id='word_1_192' title='bbox 806 2715 866 2783; x_wconf 76' lang='grc' dir='ltr'>ἐξ</span> <span class='ocrx_word' id='word_1_193' title='bbox 911 2714 1118 2798; x_wconf 88' lang='grc' dir='ltr'>ἑτέρας</span> <span class='ocrx_word' id='word_1_194' title='bbox 1144 2735 1156 2746; x_wconf 92' lang='grc'><em>·</em></span> <span class='ocrx_word' id='word_1_195' title='bbox 1203 2704 1346 2776; x_wconf 58' lang='grc' dir='ltr'>ὅθεν</span> <span class='ocrx_word' id='word_1_196' title='bbox 1390 2718 1561 2776; x_wconf 78' lang='grc' dir='ltr'>τοῦτο</span> <span class='ocrx_word' id='word_1_197' title='bbox 1606 2715 1856 2797; x_wconf 83' lang='grc' dir='ltr'>ποιῆσαι</span> <span class='ocrx_word' id='word_1_198' title='bbox 1900 2711 2003 2775; x_wconf 86' lang='grc' dir='ltr'>καὶ</span> <span class='ocrx_word' id='word_1_199' title='bbox 2050 2708 2398 2799; x_wconf 84' lang='grc' dir='ltr'>Σωκράτην.</span> 
     </span>
    </p>

    <p class='ocr_par' dir='ltr' id='par_1_4' title="bbox 807 2832 3496 3159">
     <span class='ocr_line' id='line_1_21' title="bbox 980 2832 3491 2920; baseline 0.001 -23"><span class='ocrx_word' id='word_1_200' title='bbox 980 2834 1433 2917; x_wconf 83' lang='lat' dir='ltr'><strong>Hieronymum</strong></span> <span class='ocrx_word' id='word_1_201' title='bbox 1478 2834 1544 2897; x_wconf 89' lang='lat' dir='ltr'>in</span> <span class='ocrx_word' id='word_1_202' title='bbox 1589 2833 1718 2897; x_wconf 90' lang='lat' dir='ltr'>alio</span> <span class='ocrx_word' id='word_1_203' title='bbox 1763 2832 1926 2898; x_wconf 90' lang='lat' dir='ltr'>libro</span> <span class='ocrx_word' id='word_1_204' title='bbox 1988 2834 2068 2898; x_wconf 87' lang='lat' dir='ltr'>de</span> <span class='ocrx_word' id='word_1_205' title='bbox 2115 2833 2397 2897; x_wconf 86' lang='lat' dir='ltr'>Socratis</span> <span class='ocrx_word' id='word_1_206' title='bbox 2444 2834 2745 2899; x_wconf 77' lang='lat' dir='ltr'>uxoribus</span> <span class='ocrx_word' id='word_1_207' title='bbox 2792 2835 3203 2920; x_wconf 78' lang='lat' dir='ltr'>exposuisse,</span> <span class='ocrx_word' id='word_1_208' title='bbox 3256 2835 3324 2900; x_wconf 90' lang='lat' dir='ltr'>in</span> <span class='ocrx_word' id='word_1_209' title='bbox 3368 2837 3491 2900; x_wconf 88' lang='lat' dir='ltr'>alio</span> 
     </span>
     <span class='ocr_line' id='line_1_22' title="bbox 807 2928 3496 3049; baseline 0 -29"><span class='ocrx_word' id='word_1_210' title='bbox 807 2954 1211 3039; x_wconf 77' lang='lat' dir='ltr'>plebiscitum</span> <span class='ocrx_word' id='word_1_211' title='bbox 1259 2953 1554 3018; x_wconf 87' lang='lat' dir='ltr'>attulisse</span> <span class='ocrx_word' id='word_1_212' title='bbox 1601 2954 1816 3038; x_wconf 90' lang='lat' dir='ltr'>opinio</span> <span class='ocrx_word' id='word_1_213' title='bbox 1863 2961 1962 3019; x_wconf 89' lang='lat' dir='ltr'>est</span> <span class='ocrx_word' id='word_1_214' title='bbox 2007 2928 2267 3018; x_wconf 82' lang='lat' dir='ltr'>Luzacii</span> <span class='ocrx_word' id='word_1_215' title='bbox 2325 2956 2405 3039; x_wconf 90' lang='lat' dir='ltr'>(p.</span> <span class='ocrx_word' id='word_1_216' title='bbox 2452 2958 2599 3020; x_wconf 79' lang='lat'><strong>223.</strong></span> <span class='ocrx_word' id='word_1_217' title='bbox 2653 2929 2826 3039; x_wconf 59' lang='lat'>2521),</span> <span class='ocrx_word' id='word_1_218' title='bbox 2879 2977 3045 3049; x_wconf 88' lang='lat' dir='ltr'>quae</span> <span class='ocrx_word' id='word_1_219' title='bbox 3090 2977 3301 3039; x_wconf 90' lang='lat' dir='ltr'>neque</span> <span class='ocrx_word' id='word_1_220' title='bbox 3347 2977 3496 3021; x_wconf 91' lang='lat' dir='ltr'>cau-</span> 
     </span>
     <span class='ocr_line' id='line_1_23' title="bbox 808 3074 2026 3159; baseline -0.001 -19"><span class='ocrx_word' id='word_1_221' title='bbox 808 3095 944 3140; x_wconf 87' lang='lat' dir='ltr'>sam</span> <span class='ocrx_word' id='word_1_222' title='bbox 992 3076 1185 3140; x_wconf 88' lang='lat' dir='ltr'>habet</span> <span class='ocrx_word' id='word_1_223' title='bbox 1227 3095 1436 3156; x_wconf 91' lang='lat' dir='ltr'>neque</span> <span class='ocrx_word' id='word_1_224' title='bbox 1481 3074 2026 3159; x_wconf 84' lang='lat' dir='ltr'>probabilitatem.</span> 
     </span>
    </p>

    <p class='ocr_par' dir='ltr' id='par_1_5' title="bbox 807 3196 3499 4854">
     <span class='ocr_line' id='line_1_24' title="bbox 978 3196 3497 3282; baseline 0 -21"><span class='ocrx_word' id='word_1_225' title='bbox 978 3199 1052 3261; x_wconf 90' lang='lat' dir='ltr'>In</span> <span class='ocrx_word' id='word_1_226' title='bbox 1117 3196 1197 3263; x_wconf 89' lang='lat' dir='ltr'>iis</span> <span class='ocrx_word' id='word_1_227' title='bbox 1254 3216 1418 3278; x_wconf 91' lang='lat' dir='ltr'>quae</span> <span class='ocrx_word' id='word_1_228' title='bbox 1487 3196 1567 3261; x_wconf 88' lang='lat' dir='ltr'>de</span> <span class='ocrx_word' id='word_1_229' title='bbox 1635 3196 1916 3261; x_wconf 87' lang='lat' dir='ltr'>Socratis</span> <span class='ocrx_word' id='word_1_230' title='bbox 1982 3197 2285 3261; x_wconf 84' lang='lat' dir='ltr'>uxoribus</span> <span class='ocrx_word' id='word_1_231' title='bbox 2345 3197 2774 3282; x_wconf 85' lang='lat' dir='ltr'>Hieronymus</span> <span class='ocrx_word' id='word_1_232' title='bbox 2826 3198 3073 3263; x_wconf 90' lang='lat' dir='ltr'>rettulit</span> <span class='ocrx_word' id='word_1_233' title='bbox 3130 3198 3497 3263; x_wconf 83' lang='lat' dir='ltr'>Aristoxeni</span> 
     </span>
     <span class='ocr_line' id='line_1_25' title="bbox 812 3318 3487 3402; baseline 0 -20"><span class='ocrx_word' id='word_1_234' title='bbox 812 3318 1252 3383; x_wconf 85' lang='lat' dir='ltr'>auctoritatem</span> <span class='ocrx_word' id='word_1_235' title='bbox 1301 3336 1444 3381; x_wconf 92' lang='lat' dir='ltr'>eum</span> <span class='ocrx_word' id='word_1_236' title='bbox 1491 3323 1776 3383; x_wconf 90' lang='lat' dir='ltr'>secutum</span> <span class='ocrx_word' id='word_1_237' title='bbox 1836 3335 1979 3383; x_wconf 90' lang='lat' dir='ltr'>esse</span> <span class='ocrx_word' id='word_1_238' title='bbox 2026 3338 2107 3382; x_wconf 92' lang='lat' dir='ltr'>ex</span> <span class='ocrx_word' id='word_1_239' title='bbox 2152 3318 2495 3383; x_wconf 87' lang='lat' dir='ltr'>Plutarcho</span> <span class='ocrx_word' id='word_1_240' title='bbox 2542 3319 2973 3402; x_wconf 86' lang='lat' dir='ltr'>colligendum</span> <span class='ocrx_word' id='word_1_241' title='bbox 3020 3319 3296 3384; x_wconf 87' lang='lat' dir='ltr'>videtur.</span> <span class='ocrx_word' id='word_1_242' title='bbox 3392 3320 3487 3384; x_wconf 80' lang='lat' dir='ltr'>Cf.</span> 
     </span>
     <span class='ocr_line' id='line_1_26' title="bbox 808 3438 3497 3525; baseline 0.001 -22"><span class='ocrx_word' id='word_1_243' title='bbox 808 3438 1203 3524; x_wconf 86' lang='lat' dir='ltr'>Porphyrius</span> <span class='ocrx_word' id='word_1_244' title='bbox 1248 3438 1422 3523; x_wconf 88' lang='lat' dir='ltr'>apud</span> <span class='ocrx_word' id='word_1_245' title='bbox 1466 3438 1939 3503; x_wconf 86' lang='lat' dir='ltr'>Theodoretum</span> <span class='ocrx_word' id='word_1_246' title='bbox 1970 3476 2055 3484; x_wconf 81' lang='lat'>—-</span> <span class='ocrx_word' id='word_1_247' title='bbox 2086 3438 2191 3520; x_wconf 90' lang='lat' dir='ltr'>qui</span> <span class='ocrx_word' id='word_1_248' title='bbox 2225 3438 2675 3504; x_wconf 86' lang='lat' dir='ltr'>Aristoxenum</span> <span class='ocrx_word' id='word_1_249' title='bbox 2722 3461 2762 3505; x_wconf 91' lang='lat' dir='ltr'>a</span> <span class='ocrx_word' id='word_1_250' title='bbox 2805 3440 3159 3525; x_wconf 87' lang='lat' dir='ltr'>Porphyrio</span> <span class='ocrx_word' id='word_1_251' title='bbox 3199 3441 3268 3504; x_wconf 93' lang='lat' dir='ltr'>in</span> <span class='ocrx_word' id='word_1_252' title='bbox 3314 3442 3497 3507; x_wconf 86' lang='lat' dir='ltr'>testi-</span> 
     </span>
     <span class='ocr_line' id='line_1_27' title="bbox 807 3558 3498 3646; baseline 0.001 -21"><span class='ocrx_word' id='word_1_253' title='bbox 807 3561 1086 3625; x_wconf 90' lang='lat' dir='ltr'>monium</span> <span class='ocrx_word' id='word_1_254' title='bbox 1132 3560 1345 3625; x_wconf 90' lang='lat' dir='ltr'>vocari</span> <span class='ocrx_word' id='word_1_255' title='bbox 1391 3558 1544 3623; x_wconf 88' lang='lat' dir='ltr'>dicit</span> <span class='ocrx_word' id='word_1_256' title='bbox 1587 3597 1673 3606; x_wconf 94' lang='lat'>——</span> <span class='ocrx_word' id='word_1_257' title='bbox 1706 3558 1935 3624; x_wconf 82' lang='lat' dir='ltr'>Graec.</span> <span class='ocrx_word' id='word_1_258' title='bbox 1987 3560 2197 3625; x_wconf 89' lang='lat' dir='ltr'>affect.</span> <span class='ocrx_word' id='word_1_259' title='bbox 2237 3580 2370 3623; x_wconf 88' lang='lat' dir='ltr'>cur.</span> <span class='ocrx_word' id='word_1_260' title='bbox 2409 3560 2538 3623; x_wconf 90' lang='lat' dir='ltr'>XII</span> <span class='ocrx_word' id='word_1_261' title='bbox 2578 3581 2643 3644; x_wconf 89' lang='lat' dir='ltr'>p.</span> <span class='ocrx_word' id='word_1_262' title='bbox 2690 3563 2806 3622; x_wconf 81' lang='lat'>174</span> <span class='ocrx_word' id='word_1_263' title='bbox 2854 3566 2919 3625; x_wconf 89' lang='lat' dir='ltr'>et</span> <span class='ocrx_word' id='word_1_264' title='bbox 2960 3563 3136 3646; x_wconf 90' lang='lat' dir='ltr'>apud</span> <span class='ocrx_word' id='word_1_265' title='bbox 3183 3562 3498 3645; x_wconf 87' lang='lat' dir='ltr'>Cyrillum</span> 
     </span>
     <span class='ocr_line' id='line_1_28' title="bbox 809 3674 3495 3767; baseline -0.001 -20"><span class='ocrx_word' id='word_1_266' title='bbox 809 3687 1028 3747; x_wconf 82' lang='lat' dir='ltr'>contra</span> <span class='ocrx_word' id='word_1_267' title='bbox 1072 3682 1194 3745; x_wconf 83' lang='lat' dir='ltr'>Iul.</span> <span class='ocrx_word' id='word_1_268' title='bbox 1247 3681 1335 3746; x_wconf 95' lang='lat' dir='ltr'>VI</span> <span class='ocrx_word' id='word_1_269' title='bbox 1378 3701 1442 3764; x_wconf 90' lang='lat' dir='ltr'>p.</span> <span class='ocrx_word' id='word_1_270' title='bbox 1506 3682 1621 3744; x_wconf 85' lang='grc'>186</span> <span class='ocrx_word' id='word_1_271' title='bbox 1670 3675 1776 3744; x_wconf 76' lang='grc' dir='ltr'>δύο</span> <span class='ocrx_word' id='word_1_272' title='bbox 1836 3679 1902 3743; x_wconf 88' lang='grc' dir='ltr'>δὲ</span> <span class='ocrx_word' id='word_1_273' title='bbox 1948 3680 2109 3765; x_wconf 87' lang='grc' dir='ltr'>ἔχειν</span> <span class='ocrx_word' id='word_1_274' title='bbox 2170 3681 2455 3766; x_wconf 87' lang='grc' dir='ltr'>γυναῖκας</span> <span class='ocrx_word' id='word_1_275' title='bbox 2502 3674 2665 3765; x_wconf 79' lang='grc' dir='ltr'>ἅμα,</span> <span class='ocrx_word' id='word_1_276' title='bbox 2720 3680 3069 3766; x_wconf 85' lang='grc' dir='ltr'>Ξανθίππην</span> <span class='ocrx_word' id='word_1_277' title='bbox 3120 3681 3224 3767; x_wconf 87' lang='grc' dir='ltr'>μὲν</span> <span class='ocrx_word' id='word_1_278' title='bbox 3270 3685 3495 3748; x_wconf 89' lang='grc' dir='ltr'>πολῖτιν</span> 
     </span>
     <span class='ocr_line' id='line_1_29' title="bbox 808 3798 3497 3890; baseline 0.001 -25"><span class='ocrx_word' id='word_1_279' title='bbox 808 3802 908 3867; x_wconf 88' lang='grc' dir='ltr'>καὶ</span> <span class='ocrx_word' id='word_1_280' title='bbox 955 3803 1298 3888; x_wconf 86' lang='grc' dir='ltr'>κοινοτέραν</span> <span class='ocrx_word' id='word_1_281' title='bbox 1343 3827 1489 3879; x_wconf 86' lang='grc' dir='ltr'>πως,</span> <span class='ocrx_word' id='word_1_282' title='bbox 1531 3798 1754 3887; x_wconf 79' lang='grc' dir='ltr'>Μυρτὼ</span> <span class='ocrx_word' id='word_1_283' title='bbox 1797 3801 1862 3866; x_wconf 89' lang='grc' dir='ltr'>δὲ</span> <span class='ocrx_word' id='word_1_284' title='bbox 1906 3798 2261 3887; x_wconf 87' lang='grc' dir='ltr'>Ἀριστείδου</span> <span class='ocrx_word' id='word_1_285' title='bbox 2309 3803 2671 3887; x_wconf 83' lang='grc' dir='ltr'>θυγατριδῆν</span> <span class='ocrx_word' id='word_1_286' title='bbox 2717 3806 2821 3865; x_wconf 80' lang='grc' dir='ltr'>τοῦ</span> <span class='ocrx_word' id='word_1_287' title='bbox 2855 3799 3209 3889; x_wconf 78' lang='grc' dir='ltr'>Λυσιμάχου</span> <span class='ocrx_word' id='word_1_288' title='bbox 3251 3800 3497 3890; x_wconf 72' lang='grc' dir='ltr'>(Μυρτὼ</span> 
     </span>
     <span class='ocr_line' id='line_1_30' title="bbox 808 3920 3499 4011; baseline 0.001 -24"><span class='ocrx_word' id='word_1_289' title='bbox 808 3922 874 3987; x_wconf 85' lang='grc' dir='ltr'>δὲ</span> <span class='ocrx_word' id='word_1_290' title='bbox 926 3920 1324 4011; x_wconf 85' lang='grc' dir='ltr'>Ἀριστείδου,</span> <span class='ocrx_word' id='word_1_291' title='bbox 1399 3924 1758 4008; x_wconf 79' lang='grc' dir='ltr'>θυγατριδῆν</span> <span class='ocrx_word' id='word_1_292' title='bbox 1821 3928 1925 3987; x_wconf 81' lang='grc' dir='ltr'>τοῦ</span> <span class='ocrx_word' id='word_1_293' title='bbox 1988 3920 2341 4008; x_wconf 86' lang='grc' dir='ltr'>Λυσιμάχου</span> <span class='ocrx_word' id='word_1_294' title='bbox 2399 3922 2819 4007; x_wconf 82' lang='lat' dir='ltr'>Sylburgius:</span> <span class='ocrx_word' id='word_1_295' title='bbox 2902 3923 3017 3989; x_wconf 82' lang='lat' dir='ltr'>Sed</span> <span class='ocrx_word' id='word_1_296' title='bbox 3077 3924 3499 4007; x_wconf 82' lang='lat' dir='ltr'>Lysimachus</span> 
     </span>
     <span class='ocr_line' id='line_1_31' title="bbox 808 4043 3499 4131; baseline 0 -22"><span class='ocrx_word' id='word_1_297' title='bbox 808 4052 992 4130; x_wconf 88' lang='lat' dir='ltr'>pater</span> <span class='ocrx_word' id='word_1_298' title='bbox 1036 4045 1155 4109; x_wconf 84' lang='lat' dir='ltr'>fuit</span> <span class='ocrx_word' id='word_1_299' title='bbox 1197 4044 1518 4123; x_wconf 84' lang='lat' dir='ltr'>Aristidis,</span> <span class='ocrx_word' id='word_1_300' title='bbox 1571 4043 1789 4125; x_wconf 90' lang='lat' dir='ltr'>itaque</span> <span class='ocrx_word' id='word_1_301' title='bbox 1837 4064 1917 4108; x_wconf 86' lang='lat' dir='ltr'>ex</span> <span class='ocrx_word' id='word_1_302' title='bbox 1962 4044 2092 4109; x_wconf 88' lang='lat' dir='ltr'>filio</span> <span class='ocrx_word' id='word_1_303' title='bbox 2145 4064 2269 4107; x_wconf 91' lang='lat' dir='ltr'>non</span> <span class='ocrx_word' id='word_1_304' title='bbox 2316 4064 2398 4109; x_wconf 90' lang='lat' dir='ltr'>ex</span> <span class='ocrx_word' id='word_1_305' title='bbox 2441 4043 2577 4107; x_wconf 81' lang='lat' dir='ltr'>filia</span> <span class='ocrx_word' id='word_1_306' title='bbox 2620 4043 2832 4127; x_wconf 88' lang='lat' dir='ltr'>neptis</span> <span class='ocrx_word' id='word_1_307' title='bbox 2880 4044 3248 4127; x_wconf 77' lang='lat' dir='ltr'>Lysimachi</span> <span class='ocrx_word' id='word_1_308' title='bbox 3292 4046 3499 4131; x_wconf 86' lang='lat' dir='ltr'>Myrto</span> 
     </span>
     <span class='ocr_line' id='line_1_32' title="bbox 811 4159 3497 4251; baseline 0 -21"><span class='ocrx_word' id='word_1_309' title='bbox 811 4166 1031 4231; x_wconf 80' lang='lat' dir='ltr'>debuit</span> <span class='ocrx_word' id='word_1_310' title='bbox 1077 4165 1251 4247; x_wconf 84' lang='lat' dir='ltr'>dici).</span> <span class='ocrx_word' id='word_1_311' title='bbox 1333 4165 1436 4230; x_wconf 84' lang='grc' dir='ltr'>καὶ</span> <span class='ocrx_word' id='word_1_312' title='bbox 1481 4161 1587 4250; x_wconf 78' lang='grc' dir='ltr'>τὴν</span> <span class='ocrx_word' id='word_1_313' title='bbox 1639 4164 1744 4249; x_wconf 86' lang='grc' dir='ltr'>μὲν</span> <span class='ocrx_word' id='word_1_314' title='bbox 1791 4164 2144 4249; x_wconf 87' lang='grc' dir='ltr'>Ξανθίππην</span> <span class='ocrx_word' id='word_1_315' title='bbox 2189 4166 2670 4251; x_wconf 88' lang='grc' dir='ltr'>προσπλακεῖσαν</span> <span class='ocrx_word' id='word_1_316' title='bbox 2717 4166 2962 4251; x_wconf 88' lang='grc' dir='ltr'>λαβεῖν,</span> <span class='ocrx_word' id='word_1_317' title='bbox 3019 4168 3077 4235; x_wconf 77' lang='grc' dir='ltr'>ἐξ</span> <span class='ocrx_word' id='word_1_318' title='bbox 3123 4159 3195 4249; x_wconf 80' lang='grc' dir='ltr'>ἧς</span> <span class='ocrx_word' id='word_1_319' title='bbox 3240 4161 3272 4229; x_wconf 80' lang='grc' dir='ltr'><strong>ὃ</strong></span> <span class='ocrx_word' id='word_1_320' title='bbox 3320 4168 3497 4250; x_wconf 78' lang='grc' dir='ltr'>Λαμ-</span> 
     </span>
     <span class='ocr_line' id='line_1_33' title="bbox 807 4278 3491 4373; baseline -0.001 -23"><span class='ocrx_word' id='word_1_321' title='bbox 807 4291 1072 4373; x_wconf 88' lang='grc' dir='ltr'>προκλῆς</span> <span class='ocrx_word' id='word_1_322' title='bbox 1132 4288 1398 4371; x_wconf 86' lang='grc' dir='ltr'>ἐγένετο,</span> <span class='ocrx_word' id='word_1_323' title='bbox 1453 4282 1558 4370; x_wconf 74' lang='grc' dir='ltr'>τὴν</span> <span class='ocrx_word' id='word_1_324' title='bbox 1613 4286 1679 4350; x_wconf 85' lang='grc' dir='ltr'>δὲ</span> <span class='ocrx_word' id='word_1_325' title='bbox 1729 4282 1953 4371; x_wconf 78' lang='grc' dir='ltr'>Μυρτώ</span> <span class='ocrx_word' id='word_1_326' title='bbox 2013 4281 2214 4371; x_wconf 85' lang='grc' dir='ltr'>γάμῳ,</span> <span class='ocrx_word' id='word_1_327' title='bbox 2280 4287 2340 4357; x_wconf 77' lang='grc' dir='ltr'>ἐξ</span> <span class='ocrx_word' id='word_1_328' title='bbox 2386 4278 2457 4369; x_wconf 79' lang='grc' dir='ltr'>ἧς</span> <span class='ocrx_word' id='word_1_329' title='bbox 2505 4286 2925 4371; x_wconf 84' lang='grc' dir='ltr'>Σωφρονίσκος</span> <span class='ocrx_word' id='word_1_330' title='bbox 2987 4283 3088 4349; x_wconf 88' lang='grc' dir='ltr'>καὶ</span> <span class='ocrx_word' id='word_1_331' title='bbox 3146 4285 3491 4359; x_wconf 77' lang='grc' dir='ltr'>Μενέξενος.</span> 
     </span>
     <span class='ocr_line' id='line_1_34' title="bbox 808 4406 3499 4492; baseline -0 -19"><span class='ocrx_word' id='word_1_332' title='bbox 808 4408 1226 4473; x_wconf 88' lang='lat' dir='ltr'>Aristoxenus</span> <span class='ocrx_word' id='word_1_333' title='bbox 1270 4407 1469 4489; x_wconf 82' lang='lat' dir='ltr'>igitur</span> <span class='ocrx_word' id='word_1_334' title='bbox 1515 4427 1788 4489; x_wconf 90' lang='lat' dir='ltr'>eumque</span> <span class='ocrx_word' id='word_1_335' title='bbox 1836 4413 2094 4473; x_wconf 91' lang='lat' dir='ltr'>secutus</span> <span class='ocrx_word' id='word_1_336' title='bbox 2139 4406 2567 4490; x_wconf 85' lang='lat' dir='ltr'>Hieronymus</span> <span class='ocrx_word' id='word_1_337' title='bbox 2608 4424 2904 4471; x_wconf 88' lang='lat' dir='ltr'>narrasse</span> <span class='ocrx_word' id='word_1_338' title='bbox 2934 4407 3254 4490; x_wconf 88' lang='lat' dir='ltr'>videntur,</span> <span class='ocrx_word' id='word_1_339' title='bbox 3296 4408 3499 4492; x_wconf 86' lang='lat' dir='ltr'>Myrto</span> 
     </span>
     <span class='ocr_line' id='line_1_35' title="bbox 808 4526 3499 4612; baseline -0.001 -19"><span class='ocrx_word' id='word_1_340' title='bbox 808 4527 1110 4594; x_wconf 87' lang='lat' dir='ltr'>Aristidis</span> <span class='ocrx_word' id='word_1_341' title='bbox 1168 4534 1428 4612; x_wconf 90' lang='lat' dir='ltr'>neptem</span> <span class='ocrx_word' id='word_1_342' title='bbox 1487 4528 1710 4593; x_wconf 82' lang='lat' dir='ltr'>fuisse.</span> <span class='ocrx_word' id='word_1_343' title='bbox 1813 4529 1912 4593; x_wconf 92' lang='lat' dir='ltr'>De</span> <span class='ocrx_word' id='word_1_344' title='bbox 1961 4547 2177 4593; x_wconf 89' lang='lat' dir='ltr'>eorum</span> <span class='ocrx_word' id='word_1_345' title='bbox 2224 4526 2543 4592; x_wconf 88' lang='lat' dir='ltr'>sententia</span> <span class='ocrx_word' id='word_1_346' title='bbox 2589 4527 2697 4609; x_wconf 90' lang='lat' dir='ltr'>qui</span> <span class='ocrx_word' id='word_1_347' title='bbox 2742 4528 2949 4611; x_wconf 86' lang='lat' dir='ltr'>Myrto</span> <span class='ocrx_word' id='word_1_348' title='bbox 2993 4526 3193 4592; x_wconf 92' lang='lat' dir='ltr'>filiam</span> <span class='ocrx_word' id='word_1_349' title='bbox 3238 4528 3499 4593; x_wconf 88' lang='lat' dir='ltr'>iunioris</span> 
     </span>
     <span class='ocr_line' id='line_1_36' title="bbox 809 4647 3499 4734; baseline -0.001 -20"><span class='ocrx_word' id='word_1_350' title='bbox 809 4647 1114 4714; x_wconf 87' lang='lat' dir='ltr'>Aristidis</span> <span class='ocrx_word' id='word_1_351' title='bbox 1171 4649 1370 4714; x_wconf 89' lang='lat' dir='ltr'>fuisse</span> <span class='ocrx_word' id='word_1_352' title='bbox 1431 4649 1776 4714; x_wconf 88' lang='lat' dir='ltr'>memoriae</span> <span class='ocrx_word' id='word_1_353' title='bbox 1821 4648 2244 4734; x_wconf 86' lang='lat' dir='ltr'>prodiderunt</span> <span class='ocrx_word' id='word_1_354' title='bbox 2302 4654 2472 4713; x_wconf 89' lang='lat' dir='ltr'>recte</span> <span class='ocrx_word' id='word_1_355' title='bbox 2518 4647 2875 4732; x_wconf 87' lang='lat' dir='ltr'>disputavit</span> <span class='ocrx_word' id='word_1_356' title='bbox 2929 4648 3253 4713; x_wconf 90' lang='lat' dir='ltr'>Heusdius</span> <span class='ocrx_word' id='word_1_357' title='bbox 3311 4650 3499 4732; x_wconf 83' lang='lat' dir='ltr'>(Ver-</span> 
     </span>
     <span class='ocr_line' id='line_1_37' title="bbox 811 4768 3494 4854; baseline 0 -21"><span class='ocrx_word' id='word_1_358' title='bbox 811 4771 1028 4854; x_wconf 73' lang='lat' dir='ltr'>slaqen</span> <span class='ocrx_word' id='word_1_359' title='bbox 1073 4792 1148 4831; x_wconf 79' lang='lat' dir='ltr'>en</span> <span class='ocrx_word' id='word_1_360' title='bbox 1181 4770 1693 4854; x_wconf 73' lang='lat' dir='ltr'>Mededeelinqen</span> <span class='ocrx_word' id='word_1_361' title='bbox 1737 4772 1848 4833; x_wconf 84' lang='lat' dir='ltr'>der</span> <span class='ocrx_word' id='word_1_362' title='bbox 1883 4768 2161 4832; x_wconf 70' lang='lat' dir='ltr'>koninkl.</span> <span class='ocrx_word' id='word_1_363' title='bbox 2204 4770 2406 4832; x_wconf 81' lang='lat' dir='ltr'><em>Aead.</em></span> <span class='ocrx_word' id='word_1_364' title='bbox 2457 4790 2577 4832; x_wconf 76' lang='lat' dir='ltr'>van</span> <span class='ocrx_word' id='word_1_365' title='bbox 2622 4768 2978 4833; x_wconf 71' lang='lat' dir='ltr'>Wetensck.</span> <span class='ocrx_word' id='word_1_366' title='bbox 3022 4771 3183 4833; x_wconf 87' lang='lat'>1858</span> <span class='ocrx_word' id='word_1_367' title='bbox 3215 4790 3283 4854; x_wconf 91' lang='lat' dir='ltr'>p.</span> <span class='ocrx_word' id='word_1_368' title='bbox 3323 4772 3494 4853; x_wconf 87' lang='lat'>373),</span> 
     </span>
    </p>
   </div>
   <div class='ocr_carea' id='block_1_3' title="bbox 3728 65 3746 4847">
    <p class='ocr_par' dir='ltr' id='par_1_6' title="bbox 3728 65 3746 4847">
     <span class='ocr_line' id='line_1_38' title="bbox 3728 65 3746 4847; baseline 0 0"><span class='ocrx_word' id='word_1_369' title='bbox 3728 65 3746 4847; x_wconf 95' lang='lat' dir='ltr'> </span> 
     </span>
    </p>
   </div>
  </div>
 </body>
</html>
