3785 5187
726 361 1152 417 HIERONYMI
1192 360 1460 416 RHODII
1497 357 2034 414 PERIPATETICI
2070 356 2538 413 FRAGMENTA
2905 361 2975 420 11

283 577 481 636 τησεν.
578 547 616 636 ἡ
664 551 731 615 δὲ
774 547 1053 635 παλλακὴ
1102 553 1186 623 εἰς
1233 551 1427 636 φρέαρ
1480 545 1699 632 ἑαυτὴν
1757 547 2019 634 ἔρριψεν.
2118 549 2336 634 ἱστορεῖ
2395 547 2460 612 δὲ
2495 544 2846 634 Ἱερώνυμος
2905 551 2979 612 ἐν

284 678 383 759 τῷ
443 673 620 758 περὶ
675 675 1365 758 τραγῳδιοποιῶν,
1433 665 1771 742 ἀπεικάζων
1815 667 2046 741 τούτοις
2090 665 2189 733 τὸν
2236 665 2564 756 Εὐριπίδου
2610 669 2890 734 Φοίνικα.

456 771 626 858 Male
673 792 1127 876 Bernhardyus
1184 812 1310 857 non
1367 812 1445 857 ea
1506 811 1673 874 quae
1728 810 1850 873 ego
1903 790 2084 855 uncis
2129 790 2360 855 inclusi
2406 790 2522 855 sed
2566 792 2764 856 verba
2802 787 2976 853 Ἀνα-

286 911 560 1000 γυράσιοι
606 915 671 980 δὲ
716 952 802 962 —-
850 906 1032 985 ἄλσος
1078 913 1420 979 eximenda
1465 931 1608 977 esse
1654 910 2000 976 arbitratus
2047 917 2175 976 est:
2259 911 2446 992 quasi
2488 910 2622 976 illis
2669 905 2974 997 ἐτιμωρή-

288 1060 432 1106 σατο
472 1031 788 1121 Ἀνάγυρος
832 1027 994 1120 ἥρως
1040 1033 1399 1099 continuari
1442 1037 1705 1116 possent
1748 1032 1946 1096 verba
2005 1027 2036 1095 ὃ
2098 1031 2177 1096 δὲ
2240 1037 2325 1119 τῷ
2371 1034 2482 1118 υἱῷ
2527 1037 2656 1097 κτλ.

456 1157 664 1240 Magis
710 1161 1018 1221 exornata
1063 1154 1380 1219 enarratio
1426 1153 1617 1218 huius
1662 1151 1945 1234 fabulae,
2000 1150 2081 1216 de
2111 1173 2238 1235 qua
2269 1151 2573 1218 disseruit
2601 1152 2982 1218 Welckerus

287 1277 389 1339 die
428 1277 663 1361 qriech.
726 1279 914 1360 Traq.
968 1297 1033 1359 p.
1082 1278 1238 1356 804,
1306 1294 1387 1338 ex
1446 1273 1652 1338 lexico
1698 1271 2090 1338 Coisliniano
2150 1279 2404 1357 sumpta
2462 1272 2699 1356 legitur
2739 1273 2806 1337 in
2861 1293 2980 1357 pa-

286 1397 911 1481 roemiographorum
959 1396 1113 1461 edit.
1165 1395 1448 1491 Gotting.
1500 1395 1531 1458 I
1574 1415 1638 1478 p.
1694 1397 1817 1457 219
1850 1412 1944 1476 sq.
2025 1389 2449 1480 Ἀναγυράσιος
2511 1392 2758 1478 δαίμων.
2839 1388 2982 1459 ὅταν

284 1513 523 1604 χαλεπή
570 1542 656 1589 τις
701 1513 852 1602 τύχη
902 1514 1003 1580 καὶ
1047 1513 1280 1604 πονηρᾷ
1327 1515 1617 1601 δυστυχία
1660 1514 1986 1600 κατασείσῃ
2033 1519 2229 1578 πᾶσαν
2263 1513 2452 1578 οἰκίαν
2499 1511 2980 1600 ἀλλεπαλλήλοις

288 1640 523 1719 δεινοῖς,
575 1634 614 1723 ἡ
660 1637 950 1724 παροιμία
996 1639 1256 1722 λέγεται.
1352 1634 1499 1722 φασὶ
1558 1632 1670 1721 γὰρ
1729 1636 2016 1720 γενέσθαι
2071 1632 2203 1699 τινὰ
2255 1633 2519 1722 γεωργὸν
2564 1639 2627 1701 ἐν
2673 1642 2758 1723 τῷ
2798 1633 2974 1702 Ἀνα-

287 1757 584 1844 γυρασίων
644 1757 859 1844 δήμῳ,
925 1758 1120 1822 αἰτίαν
1179 1756 1398 1844 ἔχοντα
1444 1754 1765 1843 ἐξυβρίζειν
1812 1759 1898 1829 εἰς
1943 1752 2042 1820 τὸν
2089 1757 2340 1841 πλησίον
2391 1757 2699 1844 ἱδρυμένον
2734 1728 2971 1842 βωμόν.

290 1875 381 1943 διὸ
440 1880 773 1965 συμφοραῖς
834 1873 932 1942 τὸν
996 1871 1312 1963 ἄνθρωπον
1374 1878 1596 1949 δειναῖς
1653 1878 2024 1962 περιπεσεῖν·
2088 1883 2321 1964 πρῶτον
2386 1873 2490 1962 μέν
2551 1875 2664 1965 γὰρ
2712 1875 2978 1964 ᾇπέλαβε

298 1997 585 2085 (ἀπέβαλε
642 2019 765 2064 em.
818 1999 1113 2080 Leutsch)
1169 1994 1274 2083 τήν
1321 2000 1613 2082 γυναῖκα,
1682 2000 1742 2070 ἐξ
1785 1991 1855 2083 ἧς
1905 1995 2067 2086 αὐτῷ
2125 1999 2266 2071 παῖς
2326 1994 2623 2084 ἐγεγόνει·
2692 1998 2822 2063 εἶτα
2879 1997 2979 2064 τὸν

290 2118 413 2186 υἱὸν
472 2116 749 2206 ἐπήρωσέ
810 2122 1066 2206 διαβολῇ
1126 2122 1360 2204 πλαστῄ
1419 2124 1524 2202 τῆς
1570 2125 1858 2206 μητρυιᾶς
1902 2115 2282 2206 χρησάμενος
2308 2141 2320 2154 ·
2384 2115 2484 2184 καὶ
2537 2116 2740 2204 λαβὼν
2805 2116 2981 2185 αὐτὸν

292 2239 643 2328 ἀνεβίβασεν
690 2243 774 2313 εἰς
817 2236 1127 2326 πλοιάριον
1175 2238 1276 2304 καὶ
1322 2241 1407 2311 εἰς
1452 2236 1671 2326 λυπρὸν
1718 2241 1966 2327 ἐξέθηκε
2011 2240 2271 2323 νησίδιον
2298 2262 2311 2275 ·
2369 2239 2500 2306 εἶτα
2545 2237 2760 2306 ὀνείδει
2804 2266 2982 2307 κατε-

290 2358 546 2448 χόμενος
608 2357 783 2433 αὐτός
841 2386 905 2424 τε
963 2357 1062 2424 καὶ
1106 2356 1144 2445 ἡ
1192 2355 1339 2445 γυνὴ
1399 2355 1554 2425 κατὰ
1612 2365 1808 2425 πᾶσαν
1865 2358 1971 2445 τὴν
2023 2357 2194 2426 πόλιν
2256 2357 2432 2434 αὐτὸς
2478 2360 2583 2447 μὲν
2630 2362 2982 2446 συγκλείσας

286 2479 496 2574 ἑαυτὸν
560 2480 707 2566 μετὰ
763 2477 999 2546 πάντων
1060 2487 1171 2545 τῶν
1224 2476 1540 2566 κτημάτων
1588 2485 1650 2546 ἐν
1695 2487 1766 2566 τῇ
1817 2482 1978 2566 οἰκία
2023 2481 2125 2547 καὶ
2169 2487 2286 2569 πῦρ
2333 2478 2655 2568 ὑπο-βαλὼν
2701 2479 2974 2568 ἐκαύθη·

285 2601 324 2690 ἡ
389 2604 453 2669 δὲ
499 2601 644 2691 γυνὴ
700 2606 785 2677 εἰς
830 2605 1024 2690 φρέαρ
1072 2599 1287 2688 ἑαυτὴν
1334 2602 1592 2690 ἔρριψεν.
1690 2604 1917 2687 Inepta
1973 2611 2230 2670 exstant
2289 2605 2463 2689 apud
2509 2604 2978 2688 Diogenianum

284 2726 382 2790 III
410 2729 481 2790 31
532 2726 837 2811 (Apostol.
874 2725 1059 2805 1196)
1096 2720 1517 2810 Ἀναγυράσιος
1551 2725 1781 2807 δαίμων
1807 2745 1819 2760 ·
1873 2721 2178 2809 ὠμότατος
2211 2722 2324 2811 γὰρ
2359 2721 2390 2788 ὃ
2433 2722 2847 2812 Ἀναγυράσ
2869 2753 2980 2800 ιος

286 2818 531 2918 οὗτος.
648 2847 900 2911 Fabula
972 2846 1054 2910 ab
1114 2845 1505 2929 Hieronymo
1580 2846 1787 2911 relata
1859 2852 2011 2910 nota
2085 2846 2286 2910 fuisse
2360 2845 2614 2911 videtur
2683 2848 2973 2913 Aeliano.

284 2968 451 3031 Nam
497 2967 695 3032 Verba
738 2987 779 3031 a
824 2966 1026 3032 Suida
1071 2986 1127 3031 s.
1160 2988 1221 3031 v.
1289 2963 1522 3032 ἐναύειν
1580 2966 1789 3051 posita
1846 2968 1900 3031 εἰ
1961 2965 2029 3031 δὲ
2081 2967 2356 3031 ἐντεῦθεν
2405 2963 2731 3053 Εὐριπίδης
2791 2972 2978 3033 ἐναυ-

286 3084 542 3172 σάμενος
571 3083 669 3151 τὸν
702 3082 878 3172 λόγον
912 3078 1145 3152 ἅπαντα
1177 3086 1306 3151 εἶτα
1340 3089 1540 3172 μέντοι
1571 3087 1812 3152 Φοίνικι
1840 3087 2234 3174 περιτίθησιν,
2283 3108 2448 3171 quae
2480 3109 2560 3153 ex
2589 3088 2978 3171 Hieronymo

283 3209 608 3294 exscripta
668 3228 812 3273 esse
869 3207 1155 3292 Toupius
1210 3214 1583 3292 putaverat,
1649 3207 1920 3273 Aeliano
1964 3208 2290 3273 vindicata
2334 3216 2482 3273 sunt
2525 3210 2608 3274 ab
2654 3210 2978 3276 Herchero

295 3330 389 3413 (fr.
431 3334 555 3393 295
602 3329 705 3395 ed.
755 3328 989 3411 Paris,
1043 3328 1124 3393 cf.
1179 3328 1258 3393 fr.
1298 3331 1473 3412 316).
1567 3328 1796 3394 Verbis
1852 3329 2084 3413 δαίμων
2122 3325 2543 3415 Ἀναγυράσιος
2597 3350 2762 3411 quae
2809 3331 2978 3397 unde

284 3456 539 3534 sumpta
596 3450 725 3515 sint
779 3449 1101 3515 nescimus
1161 3449 1590 3514 calamitatem
1646 3448 2069 3532 significatam
2115 3468 2260 3516 esse
2306 3448 2580 3515 similem
2627 3450 2766 3516 eius
2812 3471 2977 3533 quae

284 3569 437 3635 olim
469 3558 757 3654 Anagyri
796 3570 1110 3635 accidisse
1155 3569 1479 3637 ferebatur
1522 3589 1603 3634 ex
1635 3569 1837 3636 Suida
1881 3569 2290 3654 perspicuum
2337 3576 2455 3636 est.
2539 3570 2698 3635 Miro
2742 3572 2978 3637 iudicio

278 3675 662 3755 Welckerus
709 3690 1083 3756 daemonem
1131 3690 1452 3773 quendam
1496 3690 1973 3773 Anagyrasium
2017 3691 2099 3755 ab
2144 3690 2450 3776 Anagyro
2495 3691 2686 3757 heroe
2731 3692 2974 3758 discer-

282 3812 566 3878 nendum
612 3830 756 3877 esse
800 3810 1235 3895 pronuntiavit

453 3931 619 3997 Ante
652 3931 1109 4015 Hieronymum
1156 3931 1380 3996 fabula
1409 3929 1526 3995 illa
1556 3930 1812 3996 disertis
1854 3932 2237 3997 testimoniis
2266 3953 2392 3997 non
2425 3942 2969 4000 commemoratur.

280 4053 650 4117 Tractatam
697 4071 839 4116 eam
883 4050 1087 4115 fuisse
1132 4050 1199 4114 in
1230 4051 1534 4136 Anagyro
1567 4051 1901 4117 comoedia
1928 4052 2401 4138 Aristophanea
2444 4059 2627 4138 putat
2655 4055 2978 4138 Bergkius

287 4171 607 4253 (Meineke
652 4171 881 4254 fragm.
920 4191 1077 4237 com.
1120 4170 1229 4235 Gr.
1268 4171 1332 4234 ΙΙ
1377 4193 1441 4255 p.
1480 4175 1623 4254 959)
1678 4172 2002 4255 utiturque
2046 4172 2134 4238 ad
2177 4173 2342 4238 hanc
2388 4175 2768 4240 sententiam
2801 4196 2973 4242 com—

278 4292 676 4376 probandam
724 4291 1082 4374 fragmento
1115 4290 1253 4356 eius
1297 4291 1557 4357 fabulae
1599 4293 1677 4375 (7)
1733 4292 1914 4358 cuius
1959 4295 2156 4363 verba
2199 4301 2372 4359 sunt:
2441 4292 2586 4380 πρὸς
2633 4297 2811 4379 θεῶν,
2865 4300 2975 4384 ἐρᾷ

287 4411 530 4499 (ἔραμαι
574 4412 834 4500 Porson)
901 4412 1135 4494 τέττιγα
1196 4414 1408 4497 φαγεῖν
1454 4409 1555 4476 καὶ
1612 4412 1928 4499 κερκώπην
1977 4414 2402 4499 θηρευσαμένη
2450 4417 2708 4504 καλαμῷ
2753 4420 2970 4504 λεπτῷ.

273 4532 497 4597 Dictos
552 4531 724 4597 enim
783 4537 1004 4597 censet
1063 4532 1179 4596 hos
1237 4551 1463 4597 versus
1520 4555 1560 4598 a
1617 4534 1886 4600 muliere
1944 4534 2225 4619 privigni
2269 4556 2487 4601 amore
2531 4535 2844 4620 flagrante
2890 4538 2979 4603 si-

270 4652 543 4735 milique
604 4651 937 4718 Phaedrae
996 4673 1161 4735 quae
1220 4653 1393 4737 apud
1450 4654 1821 4738 Euripidem
1891 4655 2103 4741 (Hipp.
2157 4658 2302 4740 219)
2381 4657 2732 4723 exclamat:
2827 4657 2973 4747 πρὸς

282 4774 469 4855 θεῶν,
536 4771 763 4859 ἔραμαι
822 4769 957 4836 κυσὶ
1012 4769 1243 4843 θωΰξαι
1300 4775 1423 4837 κτλ.
1515 4774 1749 4839 Verum
1809 4775 1966 4841 satis
2024 4775 2339 4842 infirmam
2388 4796 2532 4843 esse
2576 4778 2744 4844 hanc
2786 4800 2982 4865 argu-
