3785 5187
711 367 1135 433 HIERONYMI
1170 376 1437 432 RHODII
1475 373 2007 430 PERIPATETICI
2043 371 2515 429 FRAGMENTA
2884 376 2959 432 15

739 570 956 655 βορρᾶς
1001 565 1292 652 ὡμίλησε.
1390 562 1461 630 σὺ
1507 563 1564 630 δ’
1622 562 1692 630 οὐ
1740 563 1944 652 σοφός,
1992 559 2061 635 (ὸς
2106 560 2204 626 τὸν
2235 555 2479 647 Ἔρωτα

824 669 1140 757 ἀλλοτρίαν
1189 669 1444 756 σπείρων
1491 663 1838 753 λωποδύτην
1887 663 2155 754 ἀπάγεις.

453 811 530 874 In
573 818 894 894 postremo
924 827 1114 874 versu
1157 812 1378 894 πειρῶν
1410 828 1526 892 pro
1558 806 1812 892 σπείρων
1846 803 2293 888 corrigendum
2330 821 2474 867 esse
2505 801 2668 866 dixit
2712 775 2969 866 Hecke-

282 950 392 995 rus
424 951 648 995 comm.
688 931 824 996 crit.
866 931 946 996 de
978 930 1172 994 Anth.
1212 928 1324 993 Gr.
1361 930 1394 993 I
1425 951 1490 1013 p.
1528 931 1630 1010 20,
1670 927 1792 991 hac
1835 945 1992 991 usus
2024 923 2611 1006 argumentatione3
2674 923 2972 1006 ‘Euripi-

285 1051 432 1116 dem
464 1068 726 1118 uxorem
757 1051 1037 1116 alienam
1068 1055 1351 1115 tentasse
1380 1047 1660 1131 quidem,
1700 1047 1817 1112 sed
1846 1047 1977 1112 voti
2011 1051 2369 1130 compotem
2398 1043 2639 1107 factum
2668 1023 2795 1108 non
2827 1062 2971 1108 esse

282 1173 680 1255 intellegitur
735 1193 816 1237 ex
873 1190 970 1236 vs,
1023 1174 1060 1234 3
1127 1171 1238 1236 ubi
1294 1169 1592 1253 Euripidi
1649 1188 1862 1233 amore
1918 1166 2219 1249 flagranti
2263 1185 2389 1230 non
2441 1164 2672 1229 leniter
2712 1163 2973 1248 placida

287 1294 506 1358 Venus
551 1292 846 1375 afflasse,
901 1293 1015 1357 sed
1059 1290 1518 1374 frigidissimus
1563 1295 1791 1356 ventus
1835 1289 2076 1352 Boreas
2120 1287 2433 1351 adversus
2480 1284 2828 1349 occurrisse
2875 1283 2975 1348 di-

288 1413 496 1478 citur'.
593 1413 678 1478 At
733 1413 932 1478 verba
988 1412 1082 1476 σοὶ
1157 1411 1224 1476 δὲ
1287 1415 1504 1498 βορρᾶς
1562 1407 1831 1495 ὡμίλησε
1887 1407 2228 1474 referenda
2295 1412 2443 1470 sunt
2495 1405 2581 1470 ad
2626 1405 2753 1470 illa
2808 1424 2973 1486 quac

287 1533 663 1618 Euripidem
723 1532 1100 1598 adfirmasse
1160 1539 1352 1598 antea
1408 1531 1692 1596 narravit
1734 1529 2165 1614 Hieronymus
2194 1526 2315 1591 ·καὶ
2376 1522 2549 1598 αὐτός
2594 1551 2735 1590 ποτε
2782 1521 2971 1611 τούτῳ

289 1655 634 1741 κεχρῆσθαι
678 1659 764 1740 τῷ
807 1653 976 1718 παιδὶ
1025 1648 1182 1718 ἀλλὰ
1228 1651 1412 1738 μηδὲν
1457 1653 1833 1738 προσθεῖναι,
1886 1649 2069 1714 cuius
2114 1649 2206 1713 rei
2250 1649 2337 1746 in·
2362 1647 2824 1732 epigrammate
2869 1667 2974 1710 ra-

287 1775 525 1840 tionem
583 1775 808 1840 haberi
867 1793 1133 1840 necesse
1179 1781 1296 1838 est.
1387 1775 1612 1855 Itaque
1656 1773 1855 1837 verba
1914 1769 2007 1834 σοὶ
2060 1769 2126 1834 δὲ
2171 1773 2294 1833 κτλ.
2350 1767 2734 1850 significant,
2787 1767 2975 1831 Euri-

288 1896 542 1979 pidem,
607 1897 848 1980 quippe
905 1895 1014 1976 qui
1055 1894 1343 1960 mulieris
1389 1914 1606 1958 amore
1663 1892 1994 1975 flagraret,
2062 1911 2206 1955 cum
2259 1908 2459 1973 puero
2517 1894 2800 1954 uteretur
2849 1909 2975 1952 non

291 2016 572 2081 calidum
617 2016 819 2081 fuisse
886 2015 1051 2080 sicut
1094 2015 1478 2099 Sophoclem
1533 2013 1658 2097 (cui
1703 2009 2033 2078 ἀκολασίαν
2078 2011 2400 2076 obiecerat
2441 2009 2802 2095 Euripides)
2860 2009 2975 2074 sed

288 2137 719 2220 frigidiorem:
785 2136 964 2201 cuius
1022 2135 1377 2201 sententiae
1421 2134 1616 2200 foeda
1673 2133 2036 2200 obscenitas
2093 2153 2134 2196 a
2178 2130 2449 2196 consilio
2496 2130 2978 2215 epigrammatis

291 2257 451 2322 mihi
497 2258 753 2338 quidem
802 2258 1016 2322 aliena
1062 2275 1206 2321 esse
1251 2277 1377 2321 non
1421 2256 1694 2321 videtur.
1783 2256 1878 2318 Eo
1924 2273 2174 2336 quoque
2220 2251 2497 2317 Heckeri
2542 2250 2757 2335 opinio
2800 2251 2976 2315 refu-

287 2386 479 2460 tatur,
534 2379 704 2460 quod
749 2379 1129 2462 Sophoclem
1177 2377 1504 2461 Euripidis
1549 2376 1955 2458 adulterium,
2004 2361 2132 2437 non
2177 2373 2430 2439 alienae
2476 2372 2691 2436 uxoris
2721 2371 2976 2455 cupidi-

289 2506 489 2564 tatem
544 2499 840 2582 tetigisse
884 2499 1310 2582 Hieronymus
1370 2497 1711 2582 perspicue
1765 2502 2059 2561 testatur.
2154 2494 2450 2559 Ceterum
2513 2493 2847 2558 verborum
2905 2487 2975 2555 σὺ

293 2617 340 2683 δ’
409 2616 480 2685 οὐ
539 2616 722 2708 σοφὸς
781 2623 932 2696 κτλ.,
1003 2620 1084 2685 de
1130 2621 1360 2703 quibus
1417 2619 1581 2684 mira
1625 2618 1977 2703 protulerat
2026 2616 2357 2681 Iacobsius
2415 2596 2674 2680 Anthol‘.
2726 2614 2837 2679 Gr.
2890 2614 2978 2678 VI

290 2763 358 2824 p.
426 2744 572 2824 319,
623 2741 990 2807 universum
1052 2760 1306 2806 sensum
1369 2740 1703 2805 Heckerus
1761 2744 1931 2803 recte
1975 2738 2146 2801 hunc
2190 2755 2332 2801 esse
2378 2735 2567 2800 dicit:
2636 2736 2739 2800 ‘tu
2784 2735 2975 2799 stulte

291 2881 483 2945 sane,
534 2862 678 2946 ipse
739 2862 1036 2927 furtivam
1084 2863 1398 2927 Venerem
1456 2867 1760 2943 venatus,
1813 2860 2113 2923 Amorem
2158 2857 2311 2922 furti
2354 2863 2721 2921 accusatum
2765 2857 2833 2920 in
2876 2856 2978 2919 iu-

290 2982 528 3047 dicium
572 2984 750 3067 rapis
765 2983 801 3046 ’.

461 3103 798 3187 Frigidum
854 3110 1067 3169 autem
1119 3102 1568 3185 inficetumque
1621 3120 1764 3167 esse
1821 3102 1942 3166 hoc
2002 3100 2401 3184 epigramma
2458 3106 2523 3164 et
2572 3120 2612 3164 a
2656 3099 2974 3183 Sophocle

287 3224 572 3289 alienum
617 3224 972 3289 rectissimo
1018 3231 1088 3290 ut
1132 3224 1284 3288 mihi
1323 3230 1493 3289 certe
1538 3223 1790 3288 videtur
1831 3221 2073 3286 iudicio
2118 3227 2385 3286 censent
2426 3220 2759 3286 Nauckius
2802 3222 2968 3303 (Eur.

287 3352 454 3427 trag.
508 3346 539 3408 I
570 3366 636 3428 p.
685 3346 863 3427 XIX)
920 3351 985 3409 et
1027 3347 1107 3408 A.
1158 3345 1520 3409 Schoellius
1574 3343 1792 3429 (Soph.
1845 3364 1913 3427 p.
1966 3345 2045 3407 85
2116 3342 2609 3405 ‘unverzeikliek
2654 3342 2843 3405 bleibt
2883 3364 2965 3424 σε,

291 3467 392 3529 ein
436 3489 504 3529 80
563 3466 1006 3533 erbamliehes
1061 3465 1457 3548 Machwerk‚
1509 3464 1622 3528 wie
1666 3464 1862 3527 dieses
1907 3464 2319 3548 Epiyramm‚
2366 3465 2501 3549 fiir
2544 3463 2973 3545 sophokleisch

287 3611 368 3651 zu
411 3588 700 3669 halten’);
755 3595 947 3668 atque
977 3586 1169 3651 etiam
1216 3586 1271 3651 si
1308 3586 1642 3668 aliquanto
1672 3585 2033 3668 elegantius
2079 3590 2251 3649 esset
2278 3584 2719 3668 compositum,
2757 3591 2975 3649 tamen

288 3715 552 3793 propter
607 3707 926 3791 insignem
988 3706 1360 3791 Hieronymi
1421 3707 1749 3773 levitatem
1811 3706 2125 3795 originem
2170 3705 2597 3789 Sophocleam
2641 3725 2757 3789 pro
2802 3715 2975 3770 certa

286 3829 530 3894 habere
591 3828 849 3893 minime
909 3828 1146 3893 liceret.
1241 3827 1470 3893 Ritteri
1514 3826 1926 3911 sententiam,
1979 3828 2086 3909 qui
2131 3828 2589 3911 Hieronymum
2643 3832 2707 3891 et
2746 3826 2975 3891 inven-

286 3956 490 4015 torem
535 3949 796 4015 fabulae
840 3956 904 4013 et
935 3948 1303 4032 scriptorem
1335 3949 1820 4034 epigrammatis
1864 3948 2064 4013 fuisse
2110 3947 2381 4035 coniecit
2420 3947 2702 4032 (Didymi
2748 3966 2967 4031 opusc.

286 4092 357 4155 p.
408 4072 544 4153 49),
597 4070 754 4135 satis
813 4070 1212 4154 probabilem
1259 4088 1402 4135 esse
1447 4076 1622 4155 puto.
1715 4071 2061 4133 Potuerunt
2114 4075 2326 4133 autem
2372 4042 2831 4151 Hieronymum
2888 4068 2972 4132 ad

285 4192 454 4256 haec
495 4189 802 4272 fingenda
841 4191 1010 4256 tales
1053 4191 1312 4255 allicere
1352 4191 1868 4255 narratiunculae
1914 4191 2140 4272 quales
2170 4190 2385 4255 nobile
2429 4188 2603 4281 Ionis
2646 4189 2975 4272 fragmen-

284 4318 424 4375 tum
476 4312 743 4395 praebet
785 4308 962 4394 apud
1005 4311 1235 4376 Athen.
1289 4312 1453 4375 XIII
1481 4332 1548 4395 p.
1601 4315 1725 4376 603
1771 4313 1825 4375 Ε
1870 4330 2010 4393 sqq.
2060 4311 2162 4394 (cf.
2200 4310 2481 4376 Dindorf
2514 4316 2855 4375 comment.
2890 4311 2971 4375 de

283 4431 424 4497 vita
471 4432 664 4517 Soph.
717 4454 780 4516 p.
834 4432 1004 4516 XV).
1085 4431 1379 4515 Euripidi
1424 4432 1590 4496 falso
1634 4431 2029 4516 adscriptum
2075 4433 2474 4516 epigramma
2517 4431 2753 4513 legitur
2798 4432 2972 4515 apud

283 4554 442 4618 Ath.
485 4553 552 4617 Π
595 4575 660 4637 p.
715 4556 788 4616 61
842 4552 930 4617 B:
993 4574 1056 4617 v.
1111 4552 1394 4618 Schenkl
1438 4552 1668 4617 Philol.
1719 4553 1946 4617 XXIII
1991 4575 2056 4638 p.
2098 4556 2245 4617 349.
2279 4590 2366 4599 —
2394 4553 2617 4635 Longe
2660 4552 2845 4617 aliter
2890 4553 2970 4618 de

286 4694 370 4739 ea
425 4693 495 4737 re
551 4667 862 4738 iudicavit
904 4674 1326 4758 Zurborgius‚
1395 4673 1504 4755 qui
1562 4674 1961 4759 epigramma
2014 4674 2191 4739 haud
2248 4674 2615 4739 dubitanter
2665 4672 2968 4758 Sophocli

281 4794 576 4861 attribuit
619 4794 1010 4876 summisque
1057 4795 1305 4861 extollit
1348 4795 1651 4860 laudibus
1691 4796 1925 4879 (Herm.
1963 4796 2026 4859 X
2057 4818 2122 4881 p.
2163 4799 2288 4859 212
2322 4814 2418 4878 sq.
2478 4799 2602 4861 ‘Es
2645 4795 2810 4880 κοίῳ
2852 4798 2981 4883 auf
