3785 5187
681 346 1102 402 HIERONYMI
1140 344 1405 400 RHODII
1444 340 1972 398 PERIPATETICI
2012 335 2478 397 FRAGMENTA
2856 342 2935 401 25

254 533 691 624 συμβεβηκότα.
758 541 813 603 οἱ
862 538 927 602 δὲ
989 532 1330 620 σαινόμενοι
1380 537 1501 607 τοῖς
1547 535 1889 618 λεγομένοις
1953 528 2240 619 ἐδάκρυόν
2285 557 2350 597 τε
2396 529 2494 595 καὶ
2541 523 2789 618 ᾤμωζον
2837 529 2940 592 καὶ

251 660 549 724 ἐπίστευον
596 657 753 740 εἶναι
796 655 895 722 τὸν
944 657 1312 743 Πυθαγόραν
1362 652 1525 720 θεῖόν
1578 681 1709 721 τινα
1755 659 1883 720 κτλ.
1978 656 2321 719 Praeterea
2365 657 2656 737 apparet,
2709 650 2938 716 Hiero-

244 802 508 866 -nymum
554 799 804 862 quoque
836 799 1045 862 nugas
1087 779 1240 844 illas
1282 778 1377 842 ita
1406 783 1653 842 tantum
1700 795 2193 841 commemorare
2226 774 2532 859 potuisse,
2571 779 2640 837 ut
2686 772 2938 856 abipso
3065 805 3076 814 ·

256 902 619 986 Pythagora
663 901 945 986 prolatas
994 919 1105 964 eas
1136 899 1338 964 fuisse
1370 899 1634 964 diceret.
1713 899 1849 962 Iam
1899 903 2122 979 quarto
2169 896 2448 977 saeculo,
2493 901 2562 958 ut
2607 895 2818 959 elucet
2860 915 2940 958 ex

190 1069 195 1073 <
252 1022 607 1104 fragmento
652 1021 1132 1107 Aristophontis
1192 1021 1369 1104 apud
1416 1021 1628 1084 Laert.
1670 1020 1715 1106 §
1762 1021 1863 1099 38,
1919 1017 2318 1101 Pythagoras
2364 1016 2443 1081 de
2490 1015 2785 1082 fabuloso
2830 1016 2941 1078 illo

250 1143 475 1208 itinere
519 1143 829 1207 nonnulla
872 1141 1217 1206 memoriae
1270 1141 1633 1226 prodidisse
1679 1113 2156 1224 perhibebatur.
2251 1137 2682 1222 Hieronymus
2732 1143 2942 1200 utrum

251 1264 529 1347 ineptias
592 1284 754 1346 quas
802 1283 998 1348 supra
1042 1263 1355 1347 exscripsi
1400 1262 1542 1346 ipse
1585 1243 1840 1326 finxerit
1884 1281 1968 1324 an
2013 1259 2094 1323 ab
2141 1258 2288 1323 aliis
2333 1263 2659 1322 mutuatus
2707 1257 2823 1337 sit,
2876 1257 2940 1321 in

253 1384 462 1449 medio
507 1385 820 1467 relinquo.
918 1383 1227 1450 Lobeckii
1270 1389 1486 1447 autem
1532 1381 1747 1465 opinio
1789 1380 2125 1464 (Aglaoph.
2167 1401 2230 1462 p.
2270 1380 2446 1460 944),
2485 1378 2942 1460 Hieronymum

252 1525 364 1568 eas
439 1505 793 1590 sumpsisse
870 1526 948 1570 ex
1021 1503 1551 1589 peregrinationis
1625 1503 1801 1567 illius
1860 1501 2288 1584 descriptione
2349 1499 2755 1583 Pythagorae
2821 1498 2944 1582 ipsi

251 1626 594 1708 attributa,
661 1626 1007 1691 admodum
1064 1615 1267 1690 dubia,
1322 1643 1465 1689 esse
1523 1623 1682 1688 mihi
1737 1622 2009 1687 videtur.
2107 1621 2451 1685 Exstitisse
2511 1620 2742 1684 librum
2806 1620 2944 1684 eius

246 1747 606 1827 argumenti
636 1768 831 1812 unum
875 1752 1105 1812 testem
1136 1746 1449 1812 habemus
1497 1744 1837 1824 Laertium,
1878 1743 2059 1806 cuius
2089 1743 2288 1806 verba
2314 1740 2478 1806 haec
2508 1748 2657 1806 sunt
2706 1741 2756 1824 (ξ
2795 1742 2922 1822 14):

248 1856 405 1929 οὕτω
450 1865 505 1930 δ’
562 1863 923 1956 ἐθαυμάσθη
974 1861 1121 1931 ὥστ’
1174 1862 1573 1951 ἔλεγον’τοὺς
1618 1864 1950 1950 γνωρίμους
1998 1858 2181 1928 αὐτοῦ
2231 1860 2478 1947 μάντιας
2526 1864 2650 1926 θεῶ
2698 1866 2939 1949 φωνὰς·

250 1984 445 2051 ἀλλὰ
511 1989 638 2052 καὶ
716 1985 946 2060 αὐτὸς
1014 1990 1091 2052 ἐν
1159 1993 1246 2074 τῇ
1312 1992 1568 2073 γραφῇ
1639 2010 1830 2071 φησι
1902 1981 1994 2049 δι’
2072 1980 2256 2049 ἑπτὰ
2322 1981 2448 2048 καὶ
2516 1982 2942 2069 διηκοσίων

248 2109 479 2174 ἐτέων
527 2111 603 2180 ἐξ
653 2105 890 2174 ἀίδεω
934 2109 1633 2195 παραγεγενῆσθαι
1686 2108 1767 2178 ἐς
1814 2103 2300 2192 ἀνθρώπους·
2349 2101 2556 2190 τοιγὰρ
2602 2103 2703 2168 καὶ
2747 2129 2942 2189 προσ-

250 2231 610 2316 εκαρτέρουν
660 2227 823 2317 αὐτῷ
868 2231 969 2294 καὶ
1007 2236 1116 2293 τῶν
1164 2225 1356 2315 λόγων
1406 2231 1580 2294 ἕνεκα
1625 2222 1968 2314 προσῄεσαν
2015 2225 2114 2292 καὶ
2146 2225 2441 2291 Λευκανοὶ
2487 2227 2590 2290 καὶ
2634 2225 2948 2290 Πευκέτιοι

252 2346 594 2415 Μεσσάπιοί
636 2376 700 2415 τε
746 2349 846 2414 καὶ
893 2349 1213 2434 Ῥωμαῖοι.
1310 2351 1587 2428 Quorum
1636 2355 1960 2434 postrema
2004 2348 2370 2413 Aristoxeni
2428 2367 2570 2413 esse
2618 2347 2946 2430 cognosci-

246 2480 353 2535 tur
412 2493 491 2536 ex
552 2472 789 2557 Porph.
851 2472 1000 2536 Vita
1058 2473 1333 2556 Pythag.
1390 2475 1504 2548 22;
1572 2492 1723 2536 num
1784 2491 1934 2535 vero
1993 2469 2279 2534 Rohdius
2339 2469 2455 2533 illa
2504 2465 2660 2533 ἀλλὰ
2715 2467 2816 2531 καὶ
2860 2506 2945 2514 --

249 2588 602 2679 ἀνθρώπους
649 2593 857 2659 eidem
900 2600 1071 2659 recte
1115 2593 1475 2659 attribuerit
1531 2591 1780 2675 (Rhev‘n.
1819 2596 1991 2657 Mus.
2029 2565 2246 2656 XXVI
2287 2613 2351 2676 p.
2390 2593 2564 2673 558),
2611 2597 2951 2676 propterea

248 2715 505 2797 dubito,
576 2716 729 2797 quia
785 2717 947 2780 haec
1003 2715 1148 2799 ipsa
1210 2715 1407 2779 verba
1453 2734 1763 2779 conexum
1824 2712 2286 2778 sententiarum
2333 2712 2490 2776 satis
2537 2713 2803 2777 moleste
2846 2711 2948 2775 in-

244 2844 643 2920 terrumpere
700 2836 857 2901 mihi
916 2836 1235 2900 videntur.
1332 2836 1576 2901 Ceteris
1635 2834 1793 2899 locis
1850 2834 1962 2899 ubi
2019 2834 2422 2918 Pythagorae
2483 2832 2562 2897 de
2608 2833 2708 2897 his
2754 2834 2947 2898 rebus

242 2957 615 3022 testimonia
658 2957 1033 3023 adferuntur
1077 2956 1233 3038 quid
1278 2956 1358 3021 de
1406 2956 1587 3021 libris
1639 2976 1871 3021 nomen
1917 2955 2058 3020 eius
2103 2954 2456 3019 ferentibus
2500 2954 2784 3037 cogitare
2830 2974 2946 3018 nos

246 3086 461 3161 cogat,
514 3078 811 3160 equidem
858 3100 983 3142 non
1028 3078 1237 3142 video.
1336 3078 1559 3159 Itaque
1604 3074 1809 3163 γραφή
1856 3076 2032 3161 apud
2063 3076 2386 3140 Laertium
2433 3082 2940 3157 commemorata,

244 3200 304 3263 si
366 3199 627 3280 quidem
688 3200 939 3265 omnino
1002 3199 1249 3263 exstitit
1316 3199 1482 3281 (nam
1541 3197 1753 3283 ipsum
1814 3197 1976 3262 illud
2031 3196 2466 3261 testimonium
2527 3194 2740 3260 fictum
2803 3215 2945 3260 esse

243 3340 377 3385 non
436 3338 625 3404 posse
687 3321 829 3402 quis
888 3319 1277 3385 confidenter
1343 3320 1512 3383 ausit
1569 3317 1888 3384 affirmare
1904 3321 1992 3403 ⁶2),
2056 3337 2181 3400 quo
2251 3324 2538 3402 tempore
2596 3317 2948 3400 composita

244 3441 353 3520 sit,
409 3460 670 3525 prorsus
717 3441 1028 3506 incertum
1074 3460 1219 3506 esse
1266 3440 1583 3506 existimo,

426 3685 673 3749 XXIII.
746 3685 957 3749 Laert.
1033 3684 1131 3748 IX
1194 3688 1269 3747 16
1340 3683 1438 3765 (cf.
1514 3682 1825 3747 Heracliti
1883 3682 2066 3763 reliq.
2135 3701 2261 3746 rec.
2328 3682 2632 3765 Bywater
2697 3704 2760 3766 p.
2836 3685 2935 3759 60}

246 3801 623 3890 Ἱερώνυμος
684 3806 749 3869 δέ
796 3830 945 3891 φησι
988 3803 1090 3882 καὶ
1138 3804 1427 3868 Σκυθῖνον
1482 3799 1580 3867 τὸν
1626 3810 1742 3867 τῶν
1800 3801 2036 3890 ἰάμβων
2095 3800 2348 3887 ποιητὴν
2401 3804 2806 3889 ἐπιβαλέσθαι
2849 3800 2946 3869 τὸν

238 3926 482 3991 ἐκείνου
539 3926 883 4009 (Heracliti)
940 3922 1115 4008 λόγον
1166 3922 1263 3989 διὰ
1312 3926 1529 4010 μέτρου
1576 3928 1875 4011 ἐκβαλεῖν.

424 4049 650 4111 Insunt
682 4067 838 4112 sane
870 4048 935 4112 in
967 4047 1257 4130 Scythini
1287 4046 1665 4129 fragmentis
1706 4046 2158 4131 philosophiae
2190 4046 2595 4111 Heracliteae
2627 4048 2938 4129 vestigia:

238 4190 305 4232 v.
378 4168 635 4232 Heeren
696 4169 870 4233 Stob.
932 4168 1051 4233 ecl.
1117 4168 1178 4231 ΙΙ
1242 4171 1277 4229 2
1324 4189 1390 4250 p.
1446 4172 1587 4230 216.
1698 4167 1912 4249 Bergk
1972 4166 2052 4231 de
2112 4167 2295 4249 reliq.
2349 4187 2508 4231 com.
2556 4169 2686 4231 Att.
2741 4168 2939 4249 antiq.

234 4312 303 4375 p.
368 4291 531 4367 3083
596 4295 767 4373 poet.
819 4289 939 4373 lyr.
992 4288 1100 4353 Gr.
1155 4310 1219 4372 p.
1274 4292 1398 4350 792
1460 4288 1560 4352 ed.
1614 4287 1730 4351 Ill.
1825 4288 2134 4353 Schuster
2187 4288 2254 4352 in
2313 4288 2473 4353 actis
2532 4306 2661 4352 soc.
2717 4288 2939 4371 philol.

234 4411 431 4493 Lips.
480 4408 577 4473 III
622 4432 689 4493 p.
742 4414 859 4473 354
914 4429 1008 4491 sq.
1106 4410 1407 4493 Bywater
1451 4429 1518 4492 p.
1569 4409 1688 4473 VH
1733 4416 1797 4473 et
1842 4410 1945 4471 68.

426 4651 664 4715 XXIV.
718 4651 933 4717 Laert.
976 4652 1126 4715 VIII
1160 4656 1239 4714 57
1286 4650 1509 4732 (deser.
1548 4650 1835 4715 Eudoeia
1864 4672 1928 4735 p.
1977 4654 2114 4734 170)
2157 4654 2218 4717 ἐν
2265 4651 2331 4716 δὲ
2376 4658 2460 4737 τῷ
2504 4651 2639 4738 περὶ
2683 4658 2943 4735 ποιητῶν

228 4796 433 4861 φησιν
490 4772 901 4855 (Aristoteles)
960 4766 1051 4837 ὅτι
1110 4770 1211 4837 καὶ
1246 4766 1567 4858 Ὁμηρικὸς
1612 4768 1643 4835 ὃ
1697 4766 2114 4857 Ἐμπεδοκλῆς
2173 4778 2326 4851 κτλ.,
2381 4774 2483 4838 καὶ
2533 4770 2604 4855 δὴ
2651 4766 2743 4838 ὅτι
2786 4772 2944 4858 γρά-

1772 5002 1805 5021 Ι
