3785 5187
723 399 1144 455 HIERONYMI
1179 399 1445 456 RHODII
1481 399 2021 454 PERIPATETICI
2060 397 2530 456 FRAGMENTA
2932 404 2970 464 9

280 588 424 658 ὅταν
472 586 803 678 βούλωνται
855 586 1285 676 ἀκρατέστερον
1346 591 1556 675 πίνειν,
1623 592 2010 655 ἐπισκυθίσαι
2068 590 2329 676 λέγουσι.
2425 590 2795 676 Χαμαιλέων
2841 595 2980 677 γοῦν

285 713 318 780 ὃ
369 710 798 803 Ἡρακλεώτης
859 717 920 778 ἐν
982 716 1069 799 τῷ
1126 713 1259 798 περὶ
1322 713 1512 797 μέθης
1571 710 1707 798 περὶ
1764 707 1987 777 τούτων
2048 706 2236 785 οὕτως
2295 708 2551 800 γράφει·
2642 709 2817 779 ,ιέπεὶ
2876 710 2979 775 καὶ

287 837 602 922 Κλεομένη
650 832 750 899 τὸν
811 829 1190 919 Σπαρτιάτην
1251 834 1432 920 φασὶν
1487 835 1543 897 οἱ
1591 829 1871 907 Λάκωνες
1921 839 2203 919 μανῆναι,
2255 831 2356 899 διὰ
2399 830 2463 898 τὸ
2512 829 2776 906 Σκύθαις
2838 830 2975 917 δμι-

287 955 558 1044 λήσαντα
618 957 832 1041 μαθεῖν
909 951 1354 1041 ἀκρατοποτεῖν.
1476 946 1620 1020 εὅθεν
1679 947 1821 1019 ὅταν
1904 949 2265 1042 βούλωνταί
2304 957 2457 1020 πιεῖν
2521 952 2972 1041 ἀκρατέστερον,

288 1074 671 1145 ἐπισκύθισον
717 1077 1042 1160 λέγουσιν’.
1137 1077 1214 1140 In
1257 1075 1382 1139 hac
1424 1075 1786 1141 narratione
1829 1083 2100 1161 apparet
2136 1073 2518 1142 ἐπισκύθισον
2559 1076 2730 1141 idem
2760 1076 2979 1140 valere

289 1198 461 1284 quod
521 1197 761 1284 ἐπίχεον
807 1196 1113 1260 Σκυθιστί.
1231 1197 1656 1280 Hieronymus
1721 1203 1934 1261 autem
2008 1195 2160 1261 inde
2232 1197 2627 1262 conclusisse
2699 1197 2973 1273 videtur,

291 1321 574 1385 σκυθίσαι
629 1317 924 1402 usurpari
982 1336 1174 1401 posse
1214 1337 1324 1401 pro
1387 1313 1667 1402 μεθύσαι,
1732 1317 1913 1383 cuius
1982 1336 2149 1382 ususv
2196 1320 2559 1402 exemplum
2618 1337 2743 1382 non
2801 1317 2974 1381 novi.

284 1442 607 1526 (σκυθίζειν
654 1439 888 1522 legitur
932 1437 1392 1521 significatione
1438 1459 1564 1504 non
1617 1438 1835 1504 addita
1890 1440 2066 1522 apud
2111 1439 2330 1524 Steph.
2397 1440 2556 1523 Byz.
2622 1459 2674 1504 s.
2713 1460 2773 1503 v.
2827 1432 2984 1502 Σκύ-

289 1565 442 1637 θαι.)
516 1562 782 1644 Propter
810 1559 1195 1624 infinitivum
1228 1558 1383 1623 εἶναι
1413 1560 1493 1624 ab
1539 1559 1870 1625 Athenaeo
1902 1562 2179 1644 positum
2213 1561 2599 1644 Hieronymo
2641 1557 2981 1625 tribuenda

289 1683 542 1749 videtur
585 1681 779 1747 etiam
825 1678 1108 1745 absurda
1149 1679 1267 1743 illa
1309 1679 1484 1745 vocis
1531 1674 1755 1766 σκύφος
1801 1701 1841 1744 a
1886 1675 2107 1754 σκύθος
2149 1681 2485 1763 derivatio,
2538 1701 2667 1763 qua
2712 1679 2980 1746 fortasse

287 1824 444 1869 usus
492 1810 591 1868 est
620 1803 932 1866 Parmeno
965 1796 1102 1865 sive
1133 1800 1488 1881 Parmenio,
1541 1800 1726 1865 homo
1758 1799 1883 1864 nisi
1914 1800 2103 1866 fallor
2145 1801 2613 1885 nugacissimus
2640 1793 2679 1862 z‘
2702 1801 2850 1866 Ath.
2888 1801 2983 1864 XI

289 1947 358 2008 p.
413 1928 535 1988 500
582 1923 635 1987 B
680 1923 953 1986 καλεῖται
999 1916 1058 1984 δ’
1110 1915 1141 1984 ‘0
1191 1915 1412 2006 σκύφος
1460 1917 1570 1985 ὑπὸ
1610 1916 2015 2008 Ἠπειρωτῶν,
2070 1917 2145 1995 ὥς
2190 1948 2340 2009 φησι
2373 1922 2689 2004 Σέλευκος,
2742 1920 2973 2008 λυρτὸς,

291 2042 402 2109 ὕπὸ
453 2045 517 2109 δὲ
566 2043 1146 2128 Μηθυμναίων,
1201 2037 1282 2114 ὡς
1331 2041 1663 2128 Παρμένων
1711 2042 1891 2129 φησὶν
1940 2047 2001 2108 ἐν
2047 2047 2133 2130 τῷ
2175 2041 2310 2130 περὶ
2343 2045 2679 2125 διαλέκτου,
2733 2039 2973 2115 σκύθος.

289 2166 392 2232 Cf.
457 2165 653 2231 schol.
729 2165 809 2228 ΙΙ.
889 2164 944 2227 Α
1005 2166 1116 2225 591
1191 2162 1546 2248 Παρμενίων
1595 2160 1626 2227 ὃ
1686 2154 2154 2251 γλωσσογράφος
2215 2165 2395 2252 φησὶν
2448 2161 2808 2252 Ἀχαιοὺς
2882 2160 2981 2227 καὶ

291 2283 656 2372 Δρύοπας
714 2287 918 2374 καλεῖν
979 2281 1076 2348 τὸν
1138 2281 1389 2370 οὐρανὸν
1469 2280 1674 2372 βηλόν.
1785 2280 2243 2368 Graefenhafin
2310 2287 2535 2352 Gesch.
2612 2287 2725 2348 der
2780 2286 2973 2348 Mass,

292 2408 532 2472 Philol.
582 2407 666 2469 im
713 2407 854 2470 Alc.
904 2405 1003 2470 III
1046 2427 1112 2489 p.
1166 2409 1311 2470 202.
1409 2405 1506 2470 Cf.
1558 2405 2071 2473 Meinekeanal.
2123 2408 2307 2473 Alex.
2361 2428 2425 2492 p.
2480 2409 2628 2470 283.

463 2614 581 2678 HI.
632 2614 781 2681 Ath.
833 2614 897 2678 X
943 2634 1008 2696 p.
1062 2616 1185 2675 424
1230 2613 1286 2677 Ε
1343 2612 1446 2677 καὶ
1505 2610 1832 2700 Εὐριπίδης
1890 2612 1922 2679 ὃ
1976 2612 2228 2702 ποιητὴς
2274 2618 2335 2681 ἐν
2394 2616 2595 2679 παισὶν
2642 2610 2976 2702 ᾠνοχόησε.
3035 2619 3069 2663 ‘—

293 2736 676 2823 Θεόφραστος
707 2739 849 2820 γοῦν
883 2737 944 2799 ἐν
991 2740 1076 2820 τῷ
1107 2732 1241 2819 περὶ
1289 2734 1480 2819 μέθης
1511 2734 1684 2821 φησί·
1742 2732 2150 2820 ιπυνθάνομαι
2196 2734 2239 2800 δ’
2280 2736 2472 2823 ἔγωγε
2516 2737 2618 2801 καὶ
2650 2733 2979 2822 Εὐριπίδην

287 2854 388 2921 τὸν
433 2853 685 2941 ποιητὴν
734 2857 1030 2941 οἰνοχοεῖν
1061 2851 1349 2940 Ἀθήνησι
1392 2858 1513 2927 τοῖς
1543 2852 1869 2942 ὀρχησταῖς
1901 2859 2312 2942 καλουμένοις.
2366 2854 2670 2945 ὠρχοῦντο
2718 2854 2764 2921 δ’
2816 2850 2981 2921 οὗτοι

288 2975 422 3063 περὶ
466 2973 564 3040 τὸν
609 2981 713 3040 τοῦ
749 2972 1119 3049 Ἀπόλλωνος
1164 2971 1312 3039 νεὼν
1357 2978 1460 3039 τοῦ
1508 2976 1731 3061 Δηλίου
1789 2983 1906 3042 τῶν
1962 2974 2207 3064 πρώτων
2254 2972 2415 3051 ὄντες
2468 2976 2813 3063 Ἀθηναίων,
2878 2976 2978 3041 καὶ

291 3094 598 3163 ἐνεδύοντο
663 3092 868 3182 ἱμάτια
922 3100 1040 3160 τῶν
1102 3095 1423 3182 Θηραικῶν
1491 3097 1594 3179 (ef.
1646 3098 2046 3164 Valckenaer
2092 3099 2171 3165 de
2218 3100 2497 3165 Aristob.
2550 3120 2617 3184 p.
2675 3100 2844 3180 116).
2948 3096 2979 3162 ὃ

292 3215 680 3284 δὲἈπύλλων
730 3211 901 3291 οὗτός
946 3220 1100 3282 ἐστιν
1148 3211 1199 3304 ᾧ
1242 3214 1316 3282 τὰ
1362 3214 1676 3304 Θαργήλια
1720 3212 1934 3305 ἄγουσι
1989 3220 2093 3304 (ef.
2142 3221 2466 3286 Hermann
2522 3220 2972 3307 yottesdienstl.

298 3340 564 3404 Alterth.
616 3342 728 3403 der
781 3341 898 3403 Gr.
951 3332 984 3423 ξ
1032 3343 1134 3419 60,
1195 3341 1292 3401 16.
1374 3338 1775 3405 Schoemann
1817 3340 2054 3426 qrieck.
2110 3341 2397 3406 Alterth:
2443 3341 2538 3406 ΙΙ3
2582 3363 2643 3426 p.
2698 3347 2843 3423 ⁴56,
2900 3344 2972 3413 7).

288 3458 389 3526 καὶ
457 3456 812 3531 διασώζεται
879 3461 1147 3544 Φλυῆσιν
1224 3459 1336 3540 (ita
1398 3479 1522 3525 em.
1595 3462 2021 3545 Valckenaer,
2098 3458 2367 3548 Φύλησιν
2440 3468 2511 3527 ut
2575 3463 2703 3527 vid.
2779 3461 2981 3527 codex

289 3581 675 3664 Marcianus)
730 3582 793 3645 ἐν
840 3586 924 3667 τῷ
969 3581 1400 3667 δαφνηφορείῳ
1456 3578 1657 3667 γραφη
1702 3580 1835 3669 περὶ
1892 3578 2155 3649 τούτων’.
2206 3636 2218 3643 .
2257 3580 2330 3649 τὰ
2390 3581 2544 3649 αὐτὰ
2603 3586 2821 3670 ἱστορεῖ
2879 3583 2981 3647 καὶ

275 3698 636 3788 Ἱερώνυμος
697 3698 728 3765 δ
777 3698 1033 3782 Ῥόδιος,
1101 3697 1534 3786 Ἀριστοτέλους
1597 3698 1679 3767 ὢν
1745 3701 2053 3789 μαθητής,
2120 3705 2221 3769 καὶ
2293 3699 2464 3778 οὗτος
2523 3707 2599 3769 ἐν
2660 3710 2758 3793 τῷ
2812 3701 2980 3791 περὶ

291 3824 564 3907 μέθης.
1393 3869 1396 3870 ⁷

463 3943 562 4009 Of.
615 3944 848 4008 Nauck
893 3942 1111 4027 Eurip.
1163 3950 1328 4025 trag.
1381 3945 1442 4007 I3
1485 3968 1548 4029 p.
1601 3930 1752 4010 ΧΠ.
1847 3947 2276 4032 Spanhemius
2324 3946 2747 4031 Theophrasti
2781 3946 2979 4010 verba

286 4066 381 4129 ita
425 4064 694 4147 accepit,
748 4064 932 4145 quasi
964 4064 1331 4146 Thargeliis
1365 4066 1611 4132 nobiles
1641 4067 1740 4131 illi
1772 4067 2223 4134 adulescentes
2256 4069 2655 4133 saltationem
2696 4066 2981 4150 egissent

299 4184 400 4269 (ad
447 4184 700 4251 Callim.
740 4184 1042 4267 hymnum
1089 4183 1156 4247 in
1203 4186 1435 4250 Delum
1484 4190 1630 4273 314)
1665 4213 1678 4266 3
1718 4206 1937 4253 verum
1982 4189 2051 4253 id
2097 4190 2151 4253 si
2196 4188 2436 4254 referre
2479 4190 2579 4254 his
2624 4189 2835 4254 verbis
2866 4208 2979 4250 vo-

284 4305 513 4370 luisset
542 4304 1041 4387 Theophrastus,
1097 4307 1372 4388 permiro
1402 4309 1706 4373 narrandi
1736 4329 1973 4393 genere
2004 4328 2159 4374 usus
2198 4318 2370 4376 esset
2456 4315 2680 4397 Neque
2710 4309 2778 4374 id
2821 4308 2980 4372 mihi

285 4424 589 4509 probatur
630 4425 802 4507 quod
849 4425 1278 4509 Spanhemius
1311 4423 1532 4533 Δήλιον
1562 4450 1603 4494 a
1633 4430 2076 4514 Theophrasto
2108 4436 2662 4496 commemoratum
2711 4428 2977 4495 Athenis

288 4545 491 4611 fuisse
535 4546 817 4630 putavit;
871 4564 1185 4628 nusquam
1243 4548 1412 4614 enim
1471 4550 1814 4615 memoriae
1872 4551 2192 4635 proditum
2247 4550 2609 4616 invenimus
2665 4552 2974 4634 templum

185 4756 196 4767 .
287 4664 570 4749 Apollini
616 4664 804 4731 Delio
864 4666 1229 4732 dedicatum
1274 4670 1544 4734 Athenis
1604 4670 1928 4735 exstitisse
1982 4670 2353 4754 (Mommsen
2383 4671 2665 4737 Heortol.
2716 4694 2783 4756 p.
2838 4675 2968 4754 51).

281 4784 435 4851 Alia
479 4792 579 4883 est
609 4784 885 4853 eilberti
932 4788 1147 4872 opinio
1203 4788 1492 4870 (Deliaca
1536 4810 1600 4876 p.
1641 4792 1770 4873 24),
1823 4791 1932 4877 qui
1976 4791 2384 4879 cogitandum
2432 4798 2854 4901 {Qasssgnseiz
2881 4792 2974 4861 de
