3785 5187
476 2150 945 2247 HIERONYMUS
990 2179 1301 2243 RHomUs
1345 2177 1635 2242 Athenas
1677 2175 2160 2259 transmigravit
2185 2175 2402 2259 ibique
2432 2174 2988 2261 peripateticorum

303 2308 519 2367 sectae
577 2311 646 2366 s'e
709 2300 987 2382 addixit,
1062 2299 1427 2384 exemplum
1496 2305 1752 2364 secutus
1813 2296 2079 2362 duorum
2137 2295 2540 2382 popularium
2595 2295 2869 2361 Eudemi
2927 2300 2993 2358 et

306 2421 766 2506 PraxiphaniS,
819 2441 1084 2503 quorum
1130 2421 1295 2485 alter
1337 2419 1718 2500 Aristotelis,
1772 2419 1936 2482 alter
1980 2417 2410 2503 Theophrasti
2452 2415 2794 2502 disciplina
2836 2433 2992 2480 usus

311 2550 465 2608 erat.
563 2542 791 2609 Strabo
836 2543 1021 2621 XIV,
1050 2563 1116 2626 p.
1154 2545 1277 2605 655
1337 2532 1549 2628 ἄνδρες
1608 2536 1662 2605 δ’
1718 2541 1987 2626 ἐγένοντο
2059 2540 2142 2623 (in
2184 2540 2401 2605 insula
2445 2537 2687 2621 Rhodo)
2758 2531 2993 2623 μνήμης

312 2656 464 2735 ἄξιοι
522 2661 736 2728 πολλοὶ
796 2658 1203 2751 στρατηλάται
1260 2666 1416 2745 κτλ.,
1483 2666 1594 2726 τῶν
1655 2661 1721 2725 δὲ
1774 2664 2095 2726 πολιτικῶν
2151 2662 2254 2726 καὶ
2299 2664 2409 2725 τῶν
2454 2658 2590 2747 περὶ
2636 2655 2847 2745 λόγους
2891 2657 2993 2722 καὶ

170 2788 181 2793 “
312 2786 669 2871 φιλοσοφίας
728 2779 761 2848 δ’
815 2810 880 2849 τε
928 2772 1250 2855 Παναίτιος
1309 2779 1485 2855 αὐτὸς
1541 2782 1644 2846 καὶ
1689 2782 2066 2868 Στρατοκλῆς
2125 2782 2228 2846 καὶ
2267 2777 2634 2868 Ἀνδρόνικος
2692 2776 2723 2844 ὃ
2771 2782 2839 2844 ἐκ
2882 2785 2994 2844 τῶν

312 2901 651 2991 περιπάτων
708 2905 811 2969 καὶ
878 2906 1181 2990 Λεωνίδης
1239 2900 1269 2969 δ
1332 2899 1580 2976 στωικός
1602 2955 1615 2987 ,
1688 2904 1777 2967 ἔτι
1834 2902 1900 2967 δὲ
1955 2899 2241 2990 πρότερον
2300 2902 2355 2965 Π
2377 2928 2461 2990 ρα
2480 2906 2506 2975 Ε
2525 2928 2544 2966 ι
2559 2928 2602 2989 φ
2619 2898 2702 2967 οἷν
2717 2927 2756 2987 η
2774 2928 2801 2974 ς
2826 2925 2830 2928 ·
2867 2928 2904 2981 κ
2921 2927 2959 2966 α
2979 2900 2997 2964 ὶ

303 3021 354 3089 Ἱ
372 3051 402 3090 ε
422 3051 452 3112 ρ
470 3022 561 3090 ών
582 3052 615 3091 υ
633 3053 675 3111 μ
691 3052 722 3090 ο
739 3053 766 3098 ς
826 3052 863 3089 κ
882 3025 958 3090 αὶ
1018 3023 1068 3089 Ε
1084 3018 1117 3090 ὅ
1134 3028 1216 3111 δη
1238 3053 1281 3111 μ
1296 3052 1327 3089 ο
1345 3053 1394 3099 ς.
1490 3025 1786 3090 Scholam
1832 3024 2259 3108 Hieronymus
2303 3024 2575 3089 Athenis
2616 3022 2845 3089 habuit
2888 3043 2999 3089 eo-

317 3147 463 3233 dem
522 3153 805 3232 tempore
866 3167 989 3231 quo
1034 3144 1437 3226 A'rcesilaus3
1507 3145 1744 3211 scimus
1801 3152 2016 3211 autem
2061 3145 2415 3230 Cratetem‚
2483 3146 2586 3211 cui
2628 3144 2999 3210 Arcesilaus
3128 3143 3133 3154 “

319 3268 658 3349 successit,
711 3269 792 3332 ol.
846 3268 1150 3333 CXXVII
1197 3231 1671 3332 3²Reademiae
1715 3266 2140 3350 principatum
2186 3267 2548 3352 accepisse,
2600 3266 3000 3331 Arcesilaum

317 3388 530 3472 ipsum
576 3388 856 3470 quinque
902 3395 966 3454 et
1009 3388 1421 3474 septuaginta
1465 3406 1666 3451 annos
1710 3392 1929 3451 natum
1976 3388 2058 3453 ol.
2108 3388 2356 3453 CXXX
2386 3392 2424 3450 4
2471 3406 2614 3452 esse
2638 3368 2996 3453 mortuum.

323 3509 536 3573 Laert.
586 3508 773 3591 Diog.
826 3508 917 3573 IV
960 3513 1041 3571 40
1069 3528 1206 3592 sqq.
1258 3503 1714 3607 φιλομειράκιός
1768 3532 1833 3571 τε
1876 3500 1949 3593 ἦν
2007 3508 2412 3593 (Arcesilaus)
2466 3506 2569 3571 καὶ
2613 3504 2996 3594 καταφερής·

318 3620 464 3694 σόθεν
510 3631 567 3692 οἱ
610 3626 745 3715 περὶ
768 3626 1090 3715 Ἀρίστωνα
1122 3625 1217 3693 τὸν
1248 3626 1403 3692 Χῖον
1436 3627 1678 3692 στωικοὶ
1708 3624 2035 3692 ἐπεκάλουν
2069 3624 2252 3716 αὐτῷ,
2306 3630 2544 3717 φθορέα
2572 3634 2688 3693 τῶν
2721 3629 2867 3693 νέων
2898 3626 3002 3693 καὶ

323 3746 733 3835 κιναιδολόγον
764 3749 866 3813 καὶ
899 3745 1127 3836 θρασὺν
1160 3746 1615 3822 ἀποκαλοῦντες.
1678 3748 1781 3813 καὶ
1810 3745 1928 3835 γὰρ
1961 3746 2034 3834 δὴ
2067 3748 2168 3814 καὶ
2201 3750 2546 3837 Δημητρίου
2575 3754 2678 3814 τοῦ
2707 3746 3006 3814 πλεύσαν-

324 3896 421 3943 τος
454 3872 539 3943 εἰς
570 3868 862 3958 Κυρήνην
896 3867 991 3934 ἐπὶ
1017 3872 1196 3935 πλέον
1228 3871 1562 3956 ἐρασθῆναι
1592 3872 1829 3956 λέγεται
1858 3875 1986 3935 κτλ.
2070 3867 2169 3935 διὰ
2203 3876 2391 3935 ταῦτα
2421 3866 2496 3956 δὴ
2531 3862 2634 3937 οὖν
2665 3865 2912 3935 ἔδακνόν
2942 3894 3006 3933 τε

329 3988 505 4056 αὐτὸν
550 3992 606 4054 οἱ
650 3992 1075 4077 προειρημένοι
1120 3990 1221 4054 καὶ
1266 3992 1643 4055 ἐπέσκωπτον
1676 3986 1758 4062 ὡς
1790 3990 2079 4077 φίλοχλον
2110 3992 2212 4056 καὶ
2244 3991 2557 4079 φιλόδοξον
2581 4014 2594 4028 ·
2648 3988 2908 4078 μάλιστα
2941 3990 3006 4055 δὲ

328 4113 667 4176 ἐπετίθεντο
714 4108 879 4198 αὐτῷ
923 4113 980 4174 οἱ
1024 4110 1161 4198 περὶ
1194 4108 1543 4198 Ἱερώνυμον
1589 4107 1686 4175 τὸν
1730 4108 2189 4197 περιπατητικόν
2241 4113 2350 4197 (ita
2380 4112 2568 4179 codd.
2606 4112 2917 4199 Stephani
2949 4119 3014 4179 et

332 4233 631 4315 CobetUS‚
684 4236 845 4297 ἐπετ.
887 4227 1049 4320 αὐτῷ
1077 4229 1243 4319 παρὰ
1282 4231 1434 4319 [περὶ
1466 4232 1641 4314 Vat.]
1666 4228 2012 4321 Ἱερωνύμῳ
2042 4238 2128 4322 τῷ
2155 4240 2604 4323 περιπατητικῷ
2636 4234 2823 4300 codd.
2858 4233 3006 4298 vat.

336 4356 521 4435 1302,
576 4355 765 4418 Laur.
803 4354 967 4438 plut.
1006 4357 1107 4435 69,
1150 4356 1251 4435 35,
1302 4354 1551 4419 Monac.
1596 4359 1665 4417 ut
1693 4354 1966 4437 videtur,
2020 4355 2121 4420 ed.
2158 4357 2310 4440 pr.),
2363 4352 2540 4420 ὁπότε
2585 4351 2832 4441 συνάγοι
2874 4350 3010 4427 τοὺς

330 4476 542 4561 φίλους
588 4476 672 4546 εἰς
718 4470 824 4559 τήν
855 4470 1223 4546 Ἁλκυονέως
1266 4478 1371 4537 τοῦ
1408 4470 1739 4559 Ἀντιγόνου
1786 4476 1918 4538 υἱοῦ
1962 4470 2216 4561 ἡμέραν,
2271 4478 2355 4549 εἰς
2400 4470 2473 4562 ἣν
2523 4472 2698 4542 ἱκανὰ
2727 4472 3014 4564 χρήματα

331 4593 674 4661 ἀπέστειλεν
730 4590 1108 4678 (ἀπέστελλεν
1156 4595 1333 4677 Cob.)
1382 4591 1706 4681 Ἀντίγονος
1749 4593 1896 4682 πρὸς
1942 4591 2269 4661 ἀπόλαυσιν
2326 4597 2429 4677 (cf.
2480 4597 2631 4663 Chr.
2682 4599 3008 4681 Petersen‚

330 4716 558 4781 Jahrb.
568 4718 643 4801 s
674 4717 859 4779 class.
892 4717 1129 4780 Philol.
1168 4700 1392 4800 Suppl.
1429 4716 1494 4779 II
1524 4736 1589 4800 p.
1630 4718 1752 4780 310
1784 4720 1979 4799 sqq.).
2047 4704 2196 4782 ἔνθα
2225 4718 2327 4783 καὶ
2357 4715 2836 4806 παραιτούμενος
2866 4714 3014 4784 ἑκά-

335 4862 504 4903 στοτε
564 4832 669 4910 τὰς
731 4837 1131 4909 ἐπικυλικίους
1194 4832 1505 4921 ἐξηγήσεις
1547 4834 1692 4923 πρὸς
1732 4832 2038 4924 Ἀρίδηλον
2105 4835 2416 4926 (Ἀρίδικον
2462 4841 2626 4906 coni.
2680 4839 3018 4906 Kuehnius

1504 4990 2047 5101 158412
2531 4962 2608 5013 ff
