3785 5187
737 280 817 339 24
1886 277 1952 332 E.
1994 279 2274 334 HILLER

732 461 1002 552 καθαρὸν
1048 456 1173 529 οὔτ’
1227 457 1485 552 ἄκρατον
1532 463 1848 532 ὀδώδασιν.
1918 465 2103 532 αἴτιον
2150 469 2216 533 δὲ
2259 463 2351 533 ὅτι
2408 466 2603 535 πολλὰ
2647 476 2757 534 τῶν
2803 474 3041 556 γεωδῶν
3090 473 3191 537 καὶ
3237 475 3419 538 θολε-

733 593 844 674 ρῶν
893 588 1371 673 συναποφέρεται
1413 591 1494 672 τῇ
1533 583 1725 674 ὀσμῇ,
1793 588 1895 653 καὶ
1942 591 2286 676 διαφθείρει
2344 587 2447 674 τήν
2494 585 2751 656 εὐωδίαν
2808 588 3058 678 ἐγγύθεν
3105 597 3420 682 λαμβανο-

735 710 948 795 μένην·
1017 702 1086 772 ἂν
1133 703 1190 771 δ’
1256 701 1536 788 ἄπωθεν,
1600 706 1674 773 τὰ
1736 709 1840 794 μὲν
1904 705 2128 797 θολερὰ
2186 711 2289 776 καὶ
2346 707 2540 797 γεώδη
2598 717 2868 800 περιρρεῖ
2923 713 3024 778 καὶ
3082 711 3411 798 ὒποπίπτει,
3455 749 3461 756 ·

729 828 795 896 τὸ
843 827 896 895 δ’
953 829 1264 916 εἰλικρινὲς
1308 827 1410 894 καὶ
1453 825 1674 915 θερμὸν
1723 826 1833 895 ὑπὸ
1881 828 2233 918 λεπτότητος
2280 828 2641 906 διασώζεται
2683 832 2828 921 πρὸς
2872 833 2977 920 τὴν
3026 833 3326 921 αἴσθησιν.

905 953 1000 1018 Cf.
1054 950 1318 1017 Aristot.
1368 951 1677 1034 problem.
1732 956 1834 1035 31,
1888 957 1990 1018 25.

903 1157 1051 1222 XX.
1101 1159 1313 1242 Etym.
1351 1180 1434 1222 m.
1485 1158 1644 1242 (eod.
1682 1159 1912 1242 Paris.)
1970 1161 2071 1236 66,
2113 1164 2172 1223 5.
2269 1161 2481 1243 Etym.
2534 1161 2703 1226 Gud.
2742 1165 2843 1242 36,
2888 1166 2965 1226 13
3023 1163 3137 1242 (of.
3174 1164 3419 1230 Ritsohl

732 1300 952 1364 opusc.
990 1278 1208 1362 philol.
1250 1280 1375 1362 lp.
1413 1281 1556 1362 681)
1598 1276 1859 1360 ἀλκαία,
1911 1273 1948 1364 ἡ
1997 1275 2181 1365 οὖρά,
2233 1282 2451 1368 κυρίως
2489 1282 2554 1346 δὲ
2591 1279 2630 1367 ἡ
2670 1288 2775 1347 τοῦ
2815 1284 3058 1363 λέοντος,
3083 1282 3185 1348 διὰ
3230 1282 3294 1349 τὸ
3337 1287 3422 1358 εἰς

734 1396 923 1486 ἀλκὴν
970 1395 1148 1464 αὐτὸν
1207 1401 1583 1486 προτρέπειν·
1637 1399 1769 1487 ἔχει
1813 1395 1929 1487 γὰρ
1976 1400 2073 1465 ἐπὶ
2116 1406 2190 1487 τῇ
2239 1397 2389 1488 οὐρᾷ
2434 1385 2681 1490 κέντρον.
2722 1399 2823 1490 ὕφ’
2877 1397 2947 1470 οὗ
2990 1401 3417 1491 παροξύνεται,

733 1517 899 1586 καθά
944 1544 1126 1608 φησιν
1159 1515 1512 1606 Ἱερώνυμος
1558 1521 1660 1585 καὶ
1697 1517 2147 1608 Ἐπαφρόδιτος
2193 1524 2255 1585 ἐν
2304 1517 2634 1617 ὑπομνήσει
2670 1521 2938 1597 Ἀσπίδος
2972 1521 3279 1590 Ἡσιόδου.

890 1638 1268 1729 Ἡρωδιανὸς
1314 1662 1427 1726 pro
1461 1637 1822 1727 Ἱερώνυμος
1867 1663 1994 1706 non
2038 1647 2211 1706 recte
2245 1642 2415 1726 coni..
2445 1644 2783 1710 Nauekius
2813 1645 3039 1710 Philol.
3080 1648 3137 1710 V
3166 1668 3226 1730 p.
3270 1651 3419 1712 691.

735 1765 836 1831 Of.
887 1765 1222 1828 Luenzner
1267 1763 1688 1846 Epaphroditi
1733 1781 1897 1845 quae
1945 1781 2192 1846 supere.
2246 1785 2308 1846 p.
2371 1766 2465 1827 16.
2522 1737 2627 1828 45.
2723 1764 2940 1830 Schol.
2995 1769 3047 1831 B
3091 1768 3168 1831 Il.
3209 1769 3423 1831 Y170

743 1881 913 1972 (οὐρῇ
972 1884 1037 1949 δὲ
1096 1879 1357 1969 πλευράς
1415 1908 1479 1948 τε
1539 1882 1641 1947 καὶ
1703 1884 1872 1970 ἰσχία
1934 1879 2363 1970 ἀμφοτέρωθεν
2424 1885 2751 1969 μαστίεται)
2822 1885 2955 1973 ἔχει
2998 1884 3112 1974 γὰρ
3160 1883 3304 1953 ὑπὸ
3350 1893 3424 1974 τῇ

734 2004 884 2093 οὖρᾷ
929 2007 1170 2091 κέντρον
1218 2006 1432 2089 μέλαν,
1487 2000 1563 2076 ὡς
1608 2001 1905 2091 κεράτιον,
1960 1999 2035 2068 δι’
2090 1997 2159 2068 οὗ
2206 2000 2415 2069 ἑαυτὸν
2462 2007 2732 2090 μαστίζει
2787 2003 2910 2094 (ὑφ’
2962 2001 3033 2072 οὗ
3077 2005 3427 2093 νυττόμενος

729 2130 909 2194 πλέον
957 2123 1272 2213 ἀγριοῦται
1315 2124 1466 2190 add.
1520 2147 1690 2191 man.
1743 2130 1932 2204 sest).

902 2318 1082 2383 XXI.
1137 2319 1350 2381 Laert.
1385 2317 1416 2379 I
1450 2319 1525 2378 27
1577 2311 1608 2379 ὃ
1651 2315 1716 2379 δὲ
1748 2311 2117 2401 Ἱερώνυμος
2148 2315 2249 2380 καὶ
2279 2318 2645 2403 ἐκμετρῆσαί
2674 2342 2855 2402 φησιν
2891 2315 3063 2382 αὐτὸν
3106 2319 3417 2403 (Thalem)

730 2437 835 2513 τὰς
879 2439 1251 2526 πυραμίδας,
1304 2439 1371 2501 ἐκ
1415 2441 1520 2523 τῆς
1568 2441 1736 2508 σκιᾶς
1780 2433 2287 2523 παρατηρήσαντα
2332 2433 2429 2502 ὅτε
2472 2435 2614 2524 ἡμῖν
2663 2439 3035 2522 ἰσομεγέθεις
3097 2441 3213 2503 εἰσί
3270 2441 3427 2522 (ἰσο-

735 2563 996 2648 μεγέθης
1043 2561 1168 2626 ἐστί
1211 2558 1630 2643 probabiliter
1675 2558 1836 2624 coni.
1888 2557 2278 2642 Menagius).

908 2683 1007 2749 Of.
1078 2682 1242 2745 Plin.
1310 2687 1439 2744 nat.
1507 2680 1656 2745 hist.
1720 2680 2005 2744 XXXVI
2069 2683 2168 2761 12,
2223 2683 2303 2744 82
2378 2702 2729 2743 mensuram
2797 2680 3153 2744 altitudinis
3211 2704 3429 2745 earum

737 2824 1090 2884 omnemque
1135 2801 1399 2864 similem
1444 2800 1902 2883 deprehendere
1946 2800 2181 2864 invenit
2218 2800 2444 2864 Thales
2474 2800 2765 2865 M'Zesius
2794 2802 3077 2865 umbram
3122 2804 3429 2866 metiendo

735 2947 859 3009 qua
912 2923 1068 2985 hora
1117 2944 1250 3004 par
1307 2942 1438 2985 esse
1496 2921 1748 3003 corpori
1801 2921 1974 2984 solet.
2101 2922 2268 2986 Plut.
2340 2920 2584 3004 septem
2643 2940 2783 3005 sap.
2846 2942 3029 2987 conv.
3083 2927 3120 2986 2
3184 2944 3249 3007 p.
3306 2926 3425 2985 147

735 3042 863 3110 ἐπεὶ
909 3049 1016 3108 σοῦ’
1059 3068 1127 3128 γε
1172 3042 1275 3106 καὶ
1321 3035 1480 3106 ἄλλα
1525 3038 1853 3127 θαυμάζει,
1907 3042 2009 3106 καὶ
2070 3046 2174 3125 τῆς
2219 3043 2552 3127 πυραμίδος
2608 3038 2713 3127 τὴν
2775 3043 3054 3128 μέτρησιν
3116 3039 3429 3129 ὑπερφυῶς

732 3136 1065 3254 ἠγάπησεν,
1105 3158 1196 3229 τότι
1236 3158 1433 3248 πάσης
1480 3155 1620 3228 ἄνευ
1665 3164 2076 3249 πραγματείας
2118 3162 2220 3227 καὶ
2268 3159 2521 3247 μηδενὸς
2553 3160 2809 3249 ὀργάνου
2856 3163 3095 3248 δεηθεὶς
3135 3161 3293 3229 ἀλλὰ
3322 3159 3430 3248 τὴν

741 3288 1069 3375 βακτηρίαν
1118 3280 1340 3371 στήσας
1387 3284 1483 3350 ἐπὶ
1527 3289 1611 3371 τῷ
1656 3286 1869 3369 πέρατι
1928 3286 2033 3369 τῆς
2080 3289 2249 3355 σκιᾶς
2294 3276 2368 3368 ἢν
2424 3280 2461 3369 ἡ
2509 3283 2768 3369 πυραμὶς
2814 3286 3037 3363 ἐποίει,
3090 3286 3459 3369 γενομένων

735 3414 808 3495 τῇ
867 3412 1071 3495 ἐπαφῇ
1132 3413 1238 3492 τῆς
1295 3403 1530 3478 ἀκτῖνος
1591 3407 1753 3470 δυοῖν
1813 3401 2147 3492 τριγώνων,
2199 3404 2429 3477 ἔδειξας
2486 3398 2555 3469 ὃν
2616 3402 2653 3490 ἦ
2702 3400 2839 3469 σκιὰ
2896 3402 3044 3492 πρὸς
3101 3404 3207 3491 τήν
3255 3402 3429 3472 σκιὰν

739 3526 915 3613 λόγον
973 3527 1105 3614 εἶχε
1148 3524 1254 3613 τήν
1298 3529 1607 3613 πυραμίδα
1651 3525 1796 3613 πρὸς
1839 3524 1947 3610 τήν
1973 3528 2324 3612 βακτηρίαν
2370 3526 2653 3612 ἔχουσαν.
2736 3528 2949 3591 Zeller
2994 3529 3054 3592 Ι4
3102 3549 3163 3618 p.
3224 3531 3363 3591 172.

909 3736 1125 3802 XXII.
1199 3737 1408 3801 Laert.
1434 3826 1438 3830 .
1464 3736 1618 3799 VIII
1664 3738 1730 3795 21
1791 3733 1943 3821 φησὶ
1988 3730 2048 3797 δ’
2092 3728 2441 3818 Ἱερώνυμος
2488 3730 2855 3798 κατελθόντα
2919 3730 3093 3798 αὐτὸν
3152 3734 3418 3817 (Pytha-

737 3860 978 3943 goram)
1033 3860 1118 3930 εἰς
1146 3851 1351 3922 Ἅιδου
1397 3854 1501 3941 τήν
1551 3855 1654 3940 μὲν
1689 3851 1975 3919 Ἡσιόδου
2022 3851 2219 3940 ψυχὴν
2284 3856 2427 3919 ἰδεῖν
2472 3851 2618 3941 πρὸς
2665 3856 2816 3918 κίονι
2860 3858 3073 3940 χαλκῷ
3113 3855 3434 3939 δεδεμένην

739 3979 842 4044 καὶ
884 3979 1230 4065 τρίζουσαν,
1295 3974 1398 4063 τὴν
1447 3972 1504 4041 δ’
1547 3972 1827 4062 εΟμήρου
1889 3977 2267 4061 κρεμαμένην
2315 3972 2431 4039 ἀπὸ
2479 3977 2724 4061 δένδρου
2770 3975 2873 4040 καὶ
2919 3967 3085 4061 ὄφεις
3130 3973 3263 4059 περὶ
3310 3972 3439 4039 αι’)-

740 4097 878 4186 τήν,
955 4096 1091 4164 ἀνθ’
1161 4092 1238 4164 ὧν
1298 4098 1462 4164 εἷπον
1521 4097 1657 4185 περὶ
1729 4101 1914 4175 θεῶν,
2004 4097 2442 4180 κολαζομένους
2504 4096 2570 4160 δὲ
2644 4096 2744 4159 καὶ
2804 4091 2939 4169 τοὺς
3000 4094 3079 4181 μη
3148 4098 3437 4170 θέλοντας

741 4224 1006 4287 συνεῖναι
1062 4222 1191 4294 ταῖς
1238 4222 1460 4285 ἑαυτῶν
1521 4220 1782 4305 γυναιξί·
1851 4216 1953 4281 καὶ
2014 4212 2086 4303 δὴ
2144 4216 2247 4306 καὶ
2306 4212 2407 4281 διὰ
2452 4222 2623 4281 τοῦτο
2679 4218 3012 4302 τιμηθῆναι
3057 4214 3168 4281 ὑπὸ
3212 4223 3323 4282 τῶν
3372 4220 3438 4282 ἐν

741 4340 1036 4437 Κρότωνι.

911 4466 1240 4530 Postrema
1285 4484 1412 4545 qua
1454 4461 1718 4526 ratione·
1743 4459 2183 4542 intellegenda
2229 4460 2385 4542 sint,
2440 4458 2845 4543 perspicuum
2892 4467 2991 4523 est
3035 4480 3115 4523 ex
3159 4458 3238 4523 iis
3270 4480 3442 4541 quae

739 4589 917 4675 apud
961 4588 1174 4653 Laert.
1237 4585 1271 4668 ξ
1319 4587 1386 4645 41
1445 4582 1832 4666 Hermippus
1878 4579 1959 4645 de
2004 4580 2372 4665 Pythagora
2416 4580 2639 4645 refert:
2702 4575 3051 4643 εἰσελθόντα
3094 4576 3145 4642 τ’
3200 4580 3285 4651 εἰς
3331 4578 3445 4663 τὴν

743 4710 1064 4797 ἐκκλησίαν
1113 4702 1363 4795 φάσκειν
1413 4701 1494 4777 ὡς
1552 4700 1801 4790 ἀφῖκται
1846 4704 1905 4775 ἐξ
1936 4693 2177 4766 Ἅιδου·
2242 4699 2343 4765 καὶ
2392 4699 2464 4787 δη
2513 4700 2613 4765 καὶ
2678 4695 3070 4784 ἀνεγίνωσκεν
3119 4697 3320 4774 αὐτοῖς
3367 4699 3447 4767 τὰ
