3785 5187
820 377 859 442 4
1746 428 1749 432 .
1953 376 2019 434 Ε.
2060 376 2341 435 HILLER

816 575 1076 654 propter
1103 568 1254 634 Ath.
1290 569 1354 633 X
1383 589 1447 653 p.
1499 572 1625 632 420
1671 567 1752 651 D,
1805 568 1952 634 fort.
2001 573 2191 651 recte)
2230 567 2614 656 προτείνοντά
2657 595 2713 634 τι
2749 566 3045 657 θεώρημα
3089 571 3192 636 καὶ
3239 567 3520 643 ἀξιοῦντα

818 691 901 761 εἰς
934 686 1077 754 αὐτὸ
1109 690 1304 776 λέγειν
1336 687 1523 754 εἶπεν·
1584 685 1748 753 ιάλλ’
1792 685 1935 754 αὐτὸ
1967 693 2138 754 τοῦτο
2173 685 2431 774 μάλιστα
2462 690 2821 778 φιλοσοφίας
2851 688 3025 775 ἴδιον,
3080 689 3144 756 τὸ
3177 689 3274 757 τὸν
3305 690 3516 780 καιρὸν

820 806 1085 874 ἑκάστων
1131 809 1527 874 ἐπίστασθαι’.
1584 845 1660 856 -
1710 805 1780 874 ού
1828 807 1943 895 μὴν
2001 807 2134 875 ἀλλ’
2205 801 2393 883 οὕτως
2452 803 2674 898 ἄτυφος
2719 802 2793 896 ἦν
2854 807 3006 877 ὥστε
3049 816 3172 886 τοῖς
3220 815 3526 900 μαθηταῖς

818 926 1078 1018 παρῄνει
1136 931 1238 995 καὶ
1296 923 1496 996 ἄλλων
1557 926 1820 995 ἀκούειν.
1916 932 2020 995 καί
2075 955 2231 1004 τινος
2289 930 2446 996 Χίου
2502 930 2814 997 νεανίσκου
2868 929 2948 1018 μη
3011 929 3525 1021 εὐαρεστουμένου

819 1058 895 1138 τῇ
944 1054 1221 1139 διατριβῇ
1272 1048 1477 1134 αὐτοῦ,
1532 1046 1669 1116 ἀλλ’
1710 1047 2074 1138 Ἱερωνύμου
2117 1056 2222 1117 τοῦ
2253 1055 2710 1139 προειρημένου,
2767 1049 2944 1127 αὐτὸς
2978 1051 3306 1140 ἀπαγαγών
3338 1057 3526 1119 συνέ-

822 1197 1001 1258 στησε
1044 1177 1130 1260 τῷ
1172 1169 1511 1260 φιλοσόφῳ,
1563 1173 1934 1259 παραινέσας
1979 1168 2308 1237 εὐτακτεῖν.
2389 1175 2446 1239 V
2476 1177 2556 1238 68
2604 1169 2759 1240 οὕτω
2791 1171 2850 1239 δ’
2901 1167 2974 1260 ἦν
3021 1171 3242 1262 ἐχθρὸς
3297 1177 3514 1260 (Lyco)

810 1289 1156 1380 Ἱερωνύμῳ
1202 1299 1289 1380 τῷ
1330 1299 1798 1379 περιπατητικῷ,
1852 1290 1935 1365 ὡς
1982 1290 2157 1378 μόνος
2205 1290 2286 1379 μή
2336 1291 2600 1359 ἀπαντᾶν
2643 1283 2998 1382 πρὸςάύτὸν
3031 1299 3116 1368 εἰς
3144 1292 3250 1382 τὴν
3281 1296 3527 1381 ἐτησίαν

825 1411 1081 1501 ἡμέραν,
1132 1411 1268 1500 περὶ
1313 1407 1385 1499 ἧς
1431 1415 1493 1477 ἐν
1538 1417 1624 1500 τῷ
1664 1409 2048 1500 Ἀρκεσιλάου
2095 1415 2207 1502 βίῳ
2253 1415 2660 1500 διειλέγμεθα.
2769 1417 2860 1480 ΙΧ
2917 1419 3036 1479 112
3090 1416 3196 1500 (cf.
3245 1417 3526 1481 Wachs-

826 1534 1005 1599 muth
1052 1535 1133 1599 de
1178 1534 1445 1600 Timone
1490 1534 1775 1600 Phliasio
1819 1557 1884 1619 p.
1941 1537 1998 1618 7)
2039 1531 2072 1599 ὃ
2118 1532 2176 1599 δ’
2227 1529 2329 1600 οὖν
2377 1531 2705 1622 φιλόσοφος
2761 1536 2981 1620 (fimo)
3036 1534 3137 1601 καὶ
3188 1533 3529 1623 φιλόκηπος

826 1649 901 1741 ἦν
948 1651 1183 1743 σφόδρα
1227 1655 1330 1720 καὶ
1378 1651 1819 1742 ἰδιοπράγμων,
1886 1651 1964 1728 ὡς
2007 1653 2108 1720 καὶ
2150 1651 2466 1741 Ἀντίγονός
2510 1682 2681 1744 φησι.
2774 1653 2947 1743 λόγος
2992 1663 3134 1742 γοῡν
3182 1661 3365 1722 εἰπεῖν
3398 1653 3525 1721 Ἱε-

758 1781 775 1795 “
828 1772 1098 1863 ρώνυμον
1144 1773 1246 1840 τὸν
1290 1773 1749 1863 περιπατητικὸν
1810 1773 1897 1841 ἐπ’
1950 1773 2153 1841 αὐτοῦ·
2242 1772 2360 1848 (ὡς
2419 1775 2585 1864 παρὰ
2626 1780 2750 1850 τοῖς
2795 1776 3060 1850 Σκύθαις
3112 1777 3216 1843 καὶ
3262 1781 3316 1842 οἱ
3362 1775 3530 1866 φεύ-

822 1922 1024 1982 γοντες
1097 1893 1401 1968 τοξεύουσι
1458 1897 1562 1962 καὶ
1623 1899 1679 1961 οἱ
1743 1893 2072 1977 διώκοντες,
2140 1889 2295 1962 οὕτω
2351 1901 2462 1961 τῶν
2520 1895 2865 1985 φιλοσόφων
2922 1901 2978 1962 οἱ
3038 1899 3143 1984 μὲν
3205 1895 3528 1972 διώκοντες

832 2021 1066 2105 θηρῶσι
1110 2015 1244 2090 τοὺς
1291 2017 1589 2102 μαθητάς,
1644 2020 1700 2082 οἱ
1748 2018 1813 2083 δὲ
1858 2014 2198 2104 φεύγοντες,
2251 2013 2526 2104 καθάπερ
2567 2018 2669 2083 καὶ
2701 2015 2732 2083 ὃ
2765 2018 3016 2103 Τίμων’.
3097 2020 3276 2084 Haec
3308 2020 3532 2084 omnia

829 2147 1185 2222 congruunt
1244 2159 1385 2202 curn
1431 2138 1748 2205 Arcesilai
1791 2130 2214 2224 temporibus:
2267 2160 2416 2202 nam
2462 2139 2873 2224 Halcyoneus
2917 2141 2984 2204 in
3028 2160 3250 2224 pugna
3295 2141 3533 2206 cecidit

824 2268 976 2325 ante
1021 2267 1285 2326 mortem
1331 2260 1557 2344 patriS‚
1597 2261 1709 2342 qui
1751 2259 2132 2345 pergrandis
2161 2266 2328 2324 ‘natu
2362 2281 2528 2325 anno
2575 2262 2698 2324 243
2745 2260 2904 2325 obiit
2943 2261 3226 2343 (Usener,
3279 2261 3518 2325 Rhein.

825 2385 997 2445 Mus.
1061 2381 1287 2444 XXIX
1332 2401 1395 2465 p.
1466 2383 1608 2466 37);
1662 2381 1834 2464 Lyco
1881 2380 2190 2444 successit
2246 2381 2315 2444 in
2372 2381 2579 2444 locum
2638 2380 2951 2446 Stratonis
3009 2382 3092 2444 ol.
3161 2381 3522 2464 CXXVII„

825 2502 1250 2587 principatum
1297 2500 1553 2566 scholae
1597 2501 1802 2566 tenuit
1845 2520 1962 2585 per
2006 2519 2206 2565 annos
2250 2501 2679 2584 quadraginta
2723 2507 3038 2583 quattuor,
3091 2508 3376 2566 mortuus
3423 2511 3530 2567 est

826 2643 1027 2689 annos
1086 2629 1277 2686 natus
1336 2628 1632 2705 quattuor
1676 2628 1741 2687 01
1784 2622 2228 2707 septuaginta;
2284 2623 2467 2687 Timo
2497 2629 2710 2687 autem
2756 2642 2926 2686 anno
2960 2622 3210 2709 circiter
3255 2626 3379 2686 230
3411 2625 3524 2688 vel

722 2744 728 2749 ’
829 2745 1023 2829 paulo
1069 2750 1260 2809 antea
1305 2742 1543 2808 obiisse
1586 2742 1858 2824 videtur,
1915 2750 2254 2827 postquam
2300 2742 2501 2807 vitam
2547 2763 2663 2827 per
2699 2742 3050 2825 nonaginta
3080 2742 3521 2826 annosdegit.

826 2867 1140 2930 Perversa
1183 2884 1334 2929 vero
1363 2864 1643 2948 Zumptii
1693 2869 1793 2929 est
1838 2862 2052 2947 opinio
2111 2865 2281 2945 (iiber
2327 2866 2445 2927 den
2493 2866 2781 2927 Bestaml
2821 2864 2935 2926 der
2967 2863 3198 2946 philos.
3247 2864 3528 2928 Schulen

824 2988 891 3049 in
937 2985 1149 3049 Athen
1193 3005 1260 3068 p.
1313 2984 1445 3069 68),
1498 2984 1608 3067 qui
1664 2984 2126 3067 Hieronymum
2186 2985 2672 3073 peripateticum
2733 2984 2938 3048 tribus
2994 2984 3130 3048 illis
3190 3003 3350 3065 quos
3406 3005 3529 3048 ex-

828 3106 1056 3190 scripsi
1129 3104 1288 3169 locis
1362 3126 1402 3169 a
1460 3105 1714 3169 Laertio
1775 3112 2332 3170 commemoratum
2409 3104 2732 3170 diversum
2793 3124 2936 3169 0880
2996 3104 3248 3188 putavit
3305 3104 3385 3167 ab
3447 3124 3529 3168 eo

828 3248 1016 3311 quem
1078 3226 1285 3291 Rhodi
1343 3233 1562 3290 natum
1608 3225 1986 3309 scriptisque
2033 3227 2273 3289 clarum
2335 3226 2537 3291 fuisse
2596 3230 2865 3290 constat.
2973 3224 3160 3301 Quod
3223 3225 3521 3289 Laertius

825 3349 956 3413 illis
1000 3347 1159 3412 locis
1203 3347 1662 3429 Hieronymum
1706 3346 2193 3430 peripateticum
2241 3346 2414 3429 dicit,
2468 3346 2699 3411 omittit
2757 3353 2970 3410 autem
3016 3345 3182 3409 hanc
3227 3345 3535 3429 appella-

829 3470 1066 3534 tionem
1126 3468 1238 3533 ubi
1292 3467 1528 3533 Rhodii
1571 3467 1952 3533 testimoniis
2012 3468 2229 3548 utitur,
2280 3467 2348 3533 id
2393 3466 2633 3531 nullius
2691 3466 2994 3531 momenti
3039 3473 3157 3549 081,
3225 3466 3526 3549 quoniam

833 3588 1684 3672 Rhodium-peripateticum
1730 3588 1930 3653 fuisse
1975 3587 2142 3652 inter
2185 3608 2405 3653 omnes
2452 3592 2720 3651 constat.
2816 3587 3043 3668 Neque
3101 3586 3373 3650 alterum
3417 3606 3530 3649 ar-

831 3718 1203 3794 gumentum
1249 3729 1373 3791 quo
1420 3708 1756 3793 Zumptius
1802 3727 1958 3772 usus
2015 3714 2114 3773 081
2159 3708 2551 3792 comprobari
2610 3713 2841 3791 potest.
2951 3708 3296 3790 Propterea
3353 3706 3526 3772 enim

832 3832 1147 3897 Rhodium
1210 3829 1551 3915 posteriori
1606 3830 1875 3913 tempori
1933 3826 2396 3911 assignandum
2458 3828 2705 3894 censuit
2763 3848 2955 3909 quam
3002 3828 3399 3893 Arcesilaum
3462 3833 3531 3891 et

830 3954 1173 4037 Lyconem,
1244 3951 1395 4034 quia
1440 3951 1868 4033 Hieronymus
1929 3949 2238 4014 Rhodius·
2277 3956 2420 4033 post
2476 3949 2834 4013 Aristonem
2896 3948 3096 4014 Ceum
3142 3967 3530 4013 commemo—

829 4082 1004 4139 ratur
1048 4082 1111 4139 01
1154 4071 1329 4159 apud
1374 4040 1743 4159 Ciceronem
1791 4069 1872 4135 de
1918 4070 2024 4133 fin.
2064 4071 2121 4135 V
2152 4076 2212 4151 5,
2259 4076 2332 4133 14
2391 4069 2640 4153 (fragm.
2692 4069 2789 4132 XI
2821 4072 2876 4151 9)
2935 4076 3000 4133 01
3049 4069 3114 4132 111
3159 4068 3527 4133 Aristotelis

830 4195 966 4261 vita
1024 4193 1410 4277 Menagiana
1456 4193 1564 4257 ubi
1611 4193 1768 4256 haec
1812 4191 2145 4273 leguntur:
2212 4186 2490 4275 διάδοχοι
2548 4186 2603 4252 δ’
2675 4186 2857 4254 αὐτοῦ
2928 4193 3034 4274 τῆς
3093 4192 3316 4275 σχολῆς
3371 4183 3528 4251 κατὰ

830 4313 989 4389 τάξιν
1043 4317 1314 4400 ἐγένοντο
1370 4312 1519 4378 οἵδε.
1614 4308 1999 4398 Θεόφραστος
2053 4307 2327 4397 Στράτων
2377 4308 2746 4395 Πραξιτέλης
2807 4305 3018 4374 Λύκων
3073 4306 3349 4394 Ἀρίστων
3397 4309 3528 4372 Λυ-

832 4440 1035 4510 κίσκος
1069 4432 1459 4523 Πραξιφάνης
1486 4428 1843 4519 Ἱερώνυμος
1878 4426 2171 4517 Πρύτανις
2215 4432 2499 4517 Φορμίων
2546 4427 2882 4517 Κριτόλαος
2940 4430 3230 4512 (vitarum
3277 4428 3520 4512 scriptt.

834 4559 937 4623 ed.
988 4558 1433 4623 Westermann
1479 4576 1543 4639 p.
1598 4558 1745 4616 402.
1855 4553 2102 4617 Preller
2159 4575 2423 4637 ausyew.
2477 4554 2671 4636 Ausa.
2733 4574 2796 4635 p.
2852 4552 2956 4634 98,
3010 4553 3101 4632 9).
3195 4550 3280 4615 At
3338 4548 3529 4614 Cice—

832 4699 1049 4744 ronem
1092 4678 1161 4742 in
1205 4676 1578 4760 Hieronymi
1624 4675 1945 4740 mentione
2001 4673 2301 4739 facienda
2347 4679 2701 4756 temporum
2749 4672 3028 4737 rationes
3073 4676 3366 4735 accurate
3411 4670 3531 4735 ob—

834 4818 1129 4865 servasse
1174 4804 1244 4862 ut
1289 4805 1643 4863 statuamus
1688 4797 1847 4862 nihil
1909 4815 2024 4860 nos
2084 4795 2288 4877 cogit;
2339 4794 2406 4857 in
2467 4792 2943 4858 enumeratione
3001 4798 3217 4856 autem
3268 4790 3532 4876 peripa-
