3785 5187
776 331 856 394 26
1924 335 1991 388 Ε.
2030 335 2310 390 munna

774 532 992 611 ψαντος
1039 518 1221 590 αὐτοῦ
1265 523 1368 588 καὶ
1414 515 1570 588 ἄλλα
1627 519 1940 609 ποιήματα
1985 520 2094 609 τήν
2145 550 2210 590 τε
2264 531 2369 591 τοῦ
2416 526 2641 613 Ξέρξου
2690 523 2969 616 διάβασιν
3014 527 3118 594 καὶ
3160 529 3471 616 προοίμιον

775 647 859 718 εἰς
896 640 1273 726 Ἀπόλλωνα,
1325 641 1499 711 ταῦθ’
1556 639 1800 732 ὕστερον
1844 646 2211 711 κατέκαυσεν
2246 642 2480 734 ἀδελφή
2525 673 2611 720 τις
2658 645 2876 732 αὐτοῦ,
2928 644 2967 735 ἢ
3016 645 3319 737 θυγάτηρ,
3384 645 3469 724 ὥς

659 797 668 808 ·
775 790 956 854 φησιν
991 761 1386 853 Ἱερώνυμος,
1439 763 1505 833 τὸ
1551 765 1658 851 μὲν
1703 768 2015 852 προοίμιον
2064 760 2329 848 ἄκουσα,
2394 763 2468 832 τὰ
2514 768 2581 834 δὲ
2629 767 2898 856 Περσικὰ
2948 773 3323 857 βουληθεῖσα
3369 769 3467 836 διὰ

770 885 836 953 τὸ
883 885 1212 954 ἀτελείωτα
1255 885 1436 952 εἶναι.

947 1009 1376 1094 Hieronymus
1433 1009 1628 1092 igitur
1683 1009 2111 1075 narrationem
2165 1009 2639 1075 Aristotelicam
2684 1011 2776 1076 ita
2820 1013 3240 1098 exscripsisse
3286 1013 3468 1078 vide-

772 1138 905 1214 tur,
958 1137 1028 1196 ut
1084 1151 1211 1196 non
1255 1148 1533 1196 sororem
1593 1129 1708 1196 sed
1766 1130 1967 1196 filiam
2011 1130 2421 1214 Empedoclis
2474 1132 2759 1197 carmina
2800 1133 2919 1197 illa
2962 1134 3221 1216 ignibus
3265 1133 3469 1200 tradi-

773 1252 947 1318 disse
1005 1251 1301 1334 referret,
1355 1250 1490 1316 sive
1537 1271 1653 1334 per
1709 1251 2191 1334 neglegentiam
2233 1252 2301 1316 in
2354 1251 2775 1318 describendo
2834 1255 3276 1337 commissam,
3330 1255 3467 1320 sive

775 1373 1086 1456 consulte,
1143 1378 1210 1437 ut
1253 1371 1504 1454 aliquid·
1529 1371 1677 1436 novi
1723 1372 1805 1437 ab
1849 1372 1991 1456 ipso
2022 1372 2347 1438 videretur
2390 1374 2709 1457 prolatum
2758 1393 2925 1440 esse.
3014 1374 3113 1441 cf.
3152 1375 3454 1458 Karsten,

775 1493 1044 1578 Emped.
1097 1493 1278 1575 reliq.
1331 1514 1396 1577 p.
1450 1495 1554 1575 63,
1613 1495 1754 1556 184.

948 1735 1153 1799 XXV.
1235 1734 1452 1818 Pergit
1509 1735 1720 1799 Laert.
1771 1734 1928 1799 VIII
1973 1736 2053 1798 58
2124 1735 2227 1817 (cf.
2291 1736 2580 1821 Bernays
2641 1736 2741 1799 die
2800 1737 2980 1802 Dial.
3032 1739 3139 1800 des
3186 1739 3460 1803 Ari-slot.

773 1879 837 1942 p.
896 1860 1035 1936 139,
1088 1851 1358 1922 καθόλου
1405 1857 1472 1920 δέ
1516 1880 1667 1942 φησι
1709 1852 1812 1919 καὶ
1854 1856 2193 1942 τραγῳδίας
2238 1851 2415 1921 αὐτὸν
2475 1853 2705 1943 γράψαι
2748 1858 2851 1922 καὶ
2892 1853 3191 1924 πολιτικά.
3273 1854 3469 1944 Ἡρα-

774 1977 1015 2062 κλείδης
1062 1975 1117 2042 δ’
1174 1974 1205 2043 ὃ
1250 1981 1353 2042 τοῦ
1399 1976 1790 2062 Σαραπίωνος
1836 1977 2043 2062 ἑτέρου
2088 1975 2268 2062 φησὶν
2315 1975 2470 2042 εἶναι
2514 1973 2618 2050 τὰς
2662 1980 3025 2064 τραγῳδίας.
3102 1974 3469 2066 Ἱερώνυμος

779 2098 844 2163 δὲ
887 2097 1042 2186 τρισὶ
1087 2099 1188 2163 καὶ
1231 2092 1663 2184 τετταράκοντά
1705 2122 1886 2184 φησιν
1918 2098 2395 2182 ἐντετυχηκέναι,
2448 2094 2728 2183 Νεάνθης
2775 2099 2841 2163 δὲ
2877 2100 3011 2164 νέον
3056 2093 3200 2165 ὄντα
3238 2125 3468 2187 γεγρα-

777 2221 957 2306 φέναι
1000 2217 1105 2292 τὰς
1149 2219 1508 2307 τραγῳδίας,
1563 2216 1664 2282 καὶ
1712 2213 1890 2291 αὐτὸς
1935 2217 2141 2282 ἔπειτα
2188 2215 2396 2291 αὐταῖς
2441 2221 2919 2306 ἐντετυχηκέναι.

952 2341 1325 2425 Hieronymi
1369 2347 1434 2406 et
1476 2340 1792 2406 Neanthis
1849 2339 2232 2405 testimoniis
2276 2360 2403 2405 non
2448 2341 2654 2407 tribuo
2697 2348 2938 2406 tantam
2995 2343 3461 2424 auctoritatem,

780 2471 849 2528 ut
877 2463 1308 2546 quadraginta
1335 2468 1466 2527 tres
1497 2460 1866 2545 tragoedias
1899 2461 2366 2546 Empedocleas
2410 2462 2493 2526 ab
2522 2461 2655 2527 illis
2702 2462 2961 2544 quidem
3003 2463 3207 2528 lectas
3237 2462 3465 2544 fuisse,

777 2591 1056 2650 ceterum
1085 2604 1236 2649 vero
1267 2581 1672 2648 densissimis
1704 2582 1771 2648 in
1803 2582 2087 2648 tenebris
2124 2583 2403 2649 iacuisse
2450 2583 2725 2649 credam.
2794 2583 2961 2649 Nam
2994 2604 3075 2650 ex
3106 2583 3471 2649 testimonio

779 2706 1023 2789 dialogi
1083 2705 1163 2770 de
1209 2705 1416 2789 poetis
1461 2704 1721 2769 minime
1765 2702 1983 2787 colligi
2028 2710 2269 2786 potest,
2334 2704 2735 2788 exemplaria
2792 2705 3270 2788 tragoediarum
3314 2706 3471 2770 Em-

776 2826 1067 2911 pedoclis
1096 2826 1352 2891 nomine
1397 2826 1844 2911 inscriptarum
1875 2824 2336 2909 posterioribus
2366 2824 2764 2911 temporibus
2808 2846 2877 2891 re
2917 2846 3069 2891 vera
3100 2826 3423 2891 exstitisse
3448 2848 3461 2903 ;

777 2947 938 3012 nihil
984 2952 1306 3011 narratum
1349 2946 1442 3011 ibi
1485 2946 1684 3011 fuisse
1732 2946 2008 3029 legimus
2050 2945 2175 3009 nisi
2222 2946 2590 3029 tragoedias
2614 2998 2628 3027 ,
2681 2962 2949 3028 quarum
2994 2966 3298 3012 numerus
3343 2966 3471 3011 non

777 3066 1080 3144 traditur,
1134 3068 1217 3131 ab
1275 3065 1669 3150 Empedocle
1713 3066 2100 3151 philosopho
2160 3065 2504 3148 aliquando
2551 3067 2823 3151 scriptas
2882 3086 3047 3132 esse.
3143 3067 3229 3132 At
3272 3067 3473 3152 pleri-

778 3208 901 3271 que
959 3186 1149 3252 hodie
1192 3187 1274 3252 iis
1319 3188 1783 3270 assentiuntur,
1851 3187 1963 3270 qui
2017 3185 2179 3252 duos
2238 3187 2441 3252 fuisse
2498 3188 2789 3253 eiusdem
2846 3188 3123 3252 nominis
3178 3188 3473 3253 homines

781 3315 1157 3387 statuerunt,
1207 3308 1662 3393 philosophum
1699 3315 1764 3374 et
1789 3309 2127 3393 tragicum.
2194 3308 2293 3372 Ea
2336 3308 2458 3372 fuit
2486 3308 2807 3373 sententia
2850 3308 3215 3373 Heraclidis
3245 3308 3474 3373 Lembi

782 3450 860 3495 ac
903 3430 1174 3494 fortasse
1220 3428 1349 3494 iam
1410 3435 1600 3493 antea
1645 3428 1861 3513 Satyri
1919 3430 2022 3494 vel
2069 3428 2348 3495 Sotionis
2405 3428 2505 3512 (cf.
2553 3428 2830 3494 Mueller
2885 3429 3116 3512 fragm.
3170 3429 3318 3494 hist.
3372 3429 3475 3492 III

783 3573 847 3635 p.
918 3553 1039 3614 169
1098 3552 1264 3632 sq.);
1331 3549 1728 3615 accuratiora
1794 3549 2071 3631 legimus
2129 3550 2305 3634 apud
2363 3549 2660 3629 Suidam3
2735 3546 3189 3634 Ἐμπεδοκλῆς,
3268 3550 3473 3635 θυγα-

784 3673 1016 3758 τριδοῦς
1062 3675 1166 3735 τοῦ
1209 3671 1536 3757 προτέρου,
1589 3666 1886 3756 τραγικός·
1936 3670 2271 3757 τραγῳδίαι
2316 3666 2499 3735 αὐτοῦ
2543 3668 2659 3751 κδ’,
2723 3670 2835 3736 ubi
2877 3689 3179 3735 numerus
3226 3670 3315 3735 ad
3361 3689 3478 3735 eas

784 3794 1056 3859 fortasse
1099 3790 1468 3874 tragoedias
1513 3790 1890 3856 referendus
1937 3798 2035 3856 est
2078 3810 2239 3874 quas
2276 3791 2611 3856 Neanthes
2655 3811 2696 3854 a
2741 3809 2810 3855 se
2855 3791 3057 3856 lectas
3104 3809 3249 3855 esse
3294 3790 3478 3855 affir-

784 3915 1017 3980 mavit:
1091 3904 1478 3996 quamquam
1547 3912 1740 3977 etiam
1808 3912 1961 3978 licet
2028 3932 2360 3977 numerum
2437 3911 2855 3996 depravatum
2930 3911 3169 3976 habere
3247 3909 3469 3993 (Stein,

785 4036 1057 4119 Emped.
1125 4034 1354 4117 fragm.
1420 4055 1485 4118 p.
1539 4035 1630 4111 6).
1737 4033 2157 4099 Notissimum
2218 4039 2353 4112 est,
2422 4052 2611 4114 quam
2671 4031 2907 4097 usitata
2961 4031 3139 4116 apud
3192 4031 3477 4095 Graecos

782 4156 976 4222 fuerit
1018 4156 1179 4221 ratio
1223 4156 1370 4237 illa,
1435 4175 1567 4237 qua
1627 4153 1716 4219 ad
1757 4154 2211 4219 removendam
2269 4154 2555 4236 aliquam
2602 4152 3046 4217 difficultatem
3108 4152 3482 4217 statuebant

782 4277 955 4343 idem
999 4296 1233 4341 nomen
1279 4275 1527 4342 duobus
1571 4275 1937 4341 hominibus
1982 4275 2203 4340 fuisse.
2293 4275 2519 4355 Itaque
2566 4273 2670 4337 vel
2728 4277 3068 4357 propterea
3112 4271 3479 4337 Heraclidis

783 4405 848 4464 et
889 4397 1130 4463 Suidae
1187 4397 1325 4462 sive
1372 4397 1584 4482 potius
1635 4396 1947 4482 Hesychii
1991 4396 2227 4461 Milesii
2270 4394 2592 4460 sententia
2650 4393 3009 4477 suspiciosa
3054 4399 3225 4457 certe
3270 4392 3482 4457 videri

786 4521 1011 4587 debet:
1066 4518 1453 4584 reiciendam
1500 4538 1642 4583 eam
1689 4537 1833 4583 esse
1878 4516 2149 4582 arbitror
2182 4522 2444 4601 propter
2486 4513 2919 4580 testimonium
2966 4533 3047 4578 ex
3092 4511 3352 4595 dialogo
3397 4512 3483 4577 de

784 4642 994 4726 poetis
1053 4641 1343 4705 allatum.
1438 4640 1514 4703 In
1572 4658 1647 4703 eo
1693 4637 2054 4703 testimonio
2115 4656 2235 4719 ego
2294 4635 2456 4700 nihil
2516 4636 2771 4701 omnino
2816 4633 2952 4699 veri
3007 4633 3221 4698 inesse
3282 4638 3476 4718 puto;

789 4761 1043 4830 videtur
1099 4761 1166 4827 in
1223 4760 1340 4825 illo
1397 4759 1559 4825 libro
1618 4758 1810 4824 etiam
1855 4756 2171 4823 fabulosis
2229 4755 2421 4821 rebus
2481 4757 2661 4822 locus
2720 4773 3059 4820 concessus
3112 4752 3318 4818 fuisse
3373 4753 3481 4838 (cf.
