3785 5187
588 394 595 402 ’
709 426 1131 487 HIERONYMI
1167 426 1434 486 RHODII
1469 423 2014 484 PEmPA'rEmm
2049 419 2522 484 FRAGMENTA
2881 426 2957 488 19

442 627 501 687 9.
582 623 673 689 ib.
709 624 765 687 V
798 628 856 706 5,
902 627 977 686 14
1033 630 1360 704 praetereo
1405 622 1653 698 multos,
1704 619 1772 682 in
1814 619 1914 683 his
1944 621 2192 684 doctum
2235 617 2538 682 hominem
2573 624 2636 682 et
2677 637 2952 696 suavem,

275 746 765 829 Hieronymum,
835 765 1014 829 quem
1072 742 1199 806 iam
1258 765 1371 806 cur
1424 740 1904 825 peripateticum
1960 739 2269 823 appellem
2326 737 2566 802 nescio.-
2655 758 2958 800 summum

279 866 435 929 enim
495 866 718 928 bonum
774 863 1061 947 exposuit
1119 863 1497 927 vacuitatem
1562 861 1796 925 doloris
1816 889 1841 935 ,·
1908 861 2021 946 qui
2081 868 2290 924 autem
2356 861 2433 922 de
2497 881 2735 922 summo
2803 859 2957 921 bono

278 986 575 1065 dissentit,
629 986 705 1048 de
753 993 884 1049 tota
920 983 1357 1067 philosophiae
1398 983 1647 1046 ratione
1690 981 1996 1046 dissentit.

448 1111 547 1170 10.
625 1107 714 1171 ib.
757 1110 816 1188 7,
858 1108 940 1170 20
1014 1104 1311 1188 expositis
1367 1104 1493 1168 iam
1551 1103 1747 1188 iqitur
1802 1125 1913 1166 sex
1967 1104 2044 1165 de
2097 1123 2334 1165 summo
2392 1101 2547 1164 bono
2607 1099 2945 1179 sententiis,

279 1229 461 1292 trium
496 1225 933 1310 proximarum
974 1225 1049 1310 ln·
1081 1225 1402 1308 principes
1421 1251 1442 1287 .-
1490 1223 1829 1306 voluptatis
1862 1222 2251 1306 Aristippus,
2304 1245 2428 1286 non
2471 1220 2728 1285 dolendi
2753 1219 2959 1285 Hier-

278 1370 528 1432 onymus
574 1371 626 1410 e.
667 1369 723 1430 q.
764 1371 814 1412 s.

450 1473 545 1531 11.
626 1468 717 1532 ib.
755 1471 859 1546 25,
900 1469 979 1528 73
1038 1467 1317 1548 positum
1362 1473 1456 1528 est
1498 1489 1537 1529 a
1581 1465 1813 1528 nostris
1856 1465 1924 1528 in
1967 1465 2047 1528 iis
2093 1487 2222 1529 esse
2264 1466 2482 1544 rebus,
2537 1487 2694 1548 quae
2737 1486 2958 1527 secun-

276 1593 418 1653 dum
461 1597 757 1652 naturam
804 1596 1030 1669 essent,
1094 1609 1218 1650 non
1262 1586 1507 1649 dolere.-
1583 1586 1695 1648 hoc
1738 1586 2167 1669 Hieronymus
2209 1607 2514 1650 summum
2559 1585 2783 1648 bonum
2827 1607 2957 1648 esse

277 1709 455 1774 dixit.

449 1834 548 1893 12.
621 1829 757 1896 Cio.
810 1828 1011 1895 Acad.
1051 1829 1116 1894 II
1147 1831 1250 1910 42,
1296 1830 1409 1890 131
1478 1829 1855 1911 voluptatem
1897 1837 2104 1892 autem
2138 1835 2200 1891 et
2226 1828 2612 1892 honestatem
2629 1827 2797 1912 finis
2825 1849 2957 1890 esse

282 1951 569 2034 Callipho
614 1950 855 2013 censuit
868 1977 893 2024 ,·
951 1972 1175 2013 vacare
1219 1949 1388 2012 omni
1427 1948 1714 2012 molestia
1758 1948 2190 2034 Hieronymus
2203 1977 2232 2024 ‚·
2288 1949 2403 2012 hoc
2455 1948 2618 2013 idem
2662 1970 2801 2012 cum
2843 1949 2956 2012 ho-

273 2081 511 2137 nestate
554 2071 910 2135 Diodorus.-
957 2071 1138 2134 ambo
1183 2069 1255 2133 hi
1280 2069 1705 2152 peripatetici.
2963 2049 2969 2058 ⁸

448 2195 524 2255 13
629 2192 761 2258 Cio.
802 2192 996 2256 Tuso.
1032 2190 1200 2274 disp.
1238 2191 1302 2254 II
1336 2194 1395 2271 6,
1442 2195 1515 2252 15
1575 2183 1737 2253 hunc
1768 2200 1922 2274 post
1951 2191 2242 2255 Rhodius
2271 2189 2701 2274 Hieronymus
2745 2187 2956 2254 dolore

274 2335 496 2376 vacare
538 2335 842 2376 summum
886 2314 1110 2376 bonum
1154 2310 1317 2374 dixit
1332 2339 1352 2373 .·
1431 2319 1673 2375 tantum
1716 2311 1783 2374 in
1827 2313 2041 2375 dolore
2085 2311 2267 2376 duxit
2307 2312 2482 2375 mali.

450 2437 547 2496 14.
630 2433 717 2498 ib.
753 2434 809 2497 V
842 2435 945 2516 30,
986 2435 1065 2496 84
1142 2440 1288 2496 sunt
1331 2441 1537 2496 autem
1581 2432 1731 2496 haec
1792 2434 1869 2496 de
1901 2433 2179 2517 finibus,
2245 2441 2317 2496 ut
2361 2433 2610 2516 opinor,
2679 2441 2956 2497 retentae

272 2556 686 2640 defensaeque
728 2553 1068 2619 sententiae
1083 2581 1110 2629 ‚·
1142 2554 1422 2637 primum
1466 2553 1776 2637 simplices
1818 2562 2143 2640 quattuor.-
2204 2553 2368 2618 nihil
2409 2553 2631 2618 bonum
2675 2553 2802 2618 nisi
2841 2553 2958 2618 ho-

272 2684 529 2755 nestum,
582 2684 655 2739 ut
684 2674 888 2740 Stoici
899 2703 925 2750 ,·
969 2675 1134 2738 nihil
1161 2675 1385 2739 bonum
1414 2675 1539 2738 nisi
1571 2676 1968 2759 voluptatem,
2023 2684 2093 2739 ut
2130 2676 2450 2759 Epicurus
2462 2704 2488 2751 ‚·
2531 2674 2694 2739 nihil
2735 2676 2958 2739 bonum

270 2797 400 2859 nisi
438 2797 813 2860 vacuitatem
856 2796 1108 2875 doloris,
1160 2805 1232 2859 ut
1276 2796 1706 2881 Hieronymus
1714 2824 1743 2871 ‚·
1784 2796 1948 2859 nihil
1990 2798 2213 2860 bonum
2257 2796 2386 2859 nisi
2423 2805 2690 2860 naturae
2723 2796 2956 2879 primis

274 2917 451 2981 bonis
508 2926 620 2981 aut
678 2918 959 2981 omnibus
1018 2925 1129 2980 aut
1185 2916 1475 2981 maximis
1497 2917 1691 3002 frui,
1756 2925 1827 2980 ut
1876 2919 2232 2982 Carneades
2275 2926 2494 2983 contra
2536 2918 2782 2983 Stoicos
2827 2918 2959 2981 dis-

266 3039 529 3102 serebat.
1341 3103 1346 3109 ,
2490 3028 2508 3039 ’

451 3162 549 3222 15.
630 3158 717 3223 ib.
756 3163 857 3237 31,
899 3162 975 3223 87
1039 3158 1274 3243 reliqui
1311 3158 1539 3222 habere
1581 3181 1647 3221 se
1691 3158 1977 3222 videntur
2006 3159 2351 3243 anqustius,
2405 3168 2664 3225 enatant
2708 3168 2914 3224 tamen
2933 3188 2954 3223 .-

266 3279 619 3362 Epicurus,
687 3278 1119 3363 Hieronymus
1174 3287 1236 3342 et
1290 3279 1350 3341 si
1402 3280 1513 3363 qui
1566 3287 1743 3357 sunt,
1810 3280 1922 3362 qui
1961 3281 2270 3344 desertum
2314 3280 2481 3343 illud
2526 3282 2953 3345 Carneadeum

265 3408 489 3463 curent
531 3400 867 3485 defendere
876 3428 905 3475 ‚·
947 3422 1122 3462 nemo
1169 3408 1262 3463 est
1306 3400 1467 3464 enim
1512 3421 1721 3463 eorum
1768 3400 1917 3484 quin
1963 3402 2255 3465 bonorum
2285 3401 2561 3466 animum
2596 3410 2781 3485 putet
2823 3426 2954 3466 esse

263 3519 535 3583 iudi‘cem
575 3542 834 3605 eumque
877 3520 1366 3604 condocefaciat,
1418 3528 1489 3583 ut
1532 3544 1624 3599 ea,
1679 3544 1840 3618 quae
1885 3521 2044 3587 bona
2075 3523 2315 3588 malave
2361 3522 2706 3604 videantur,
2748 3524 2958 3607 possit

262 3649 678 3706 contemnere.
772 3664 918 3705 nam
964 3644 1129 3725 quod
1184 3642 1301 3705 tibi
1339 3641 1655 3725 Epicurus
1699 3641 1962 3722 videtur,
2030 3644 2246 3707 eadem
2301 3643 2424 3707 erit
2467 3644 2852 3729 Hieronymi
2892 3653 2953 3709 et

264 3762 618 3827 Carneadis
678 3784 869 3825 causa
924 3770 986 3825 et
1043 3762 1295 3825 hercule
1354 3762 1624 3825 omnium
1681 3762 2062 3846 reliquorum
2079 3790 2104 3837 ,·
2162 3765 2302 3847 quis
2361 3765 2522 3828 enim
2572 3787 2801 3848 parum
2859 3774 2954 3830 est

260 3890 490 3946 contra
534 3890 794 3947 mortem
836 3891 949 3947 aut
991 3883 1266 3946 dolorem
1299 3884 1621 3964 paratus?
2733 3851 2740 3865 ι

450 4007 549 4065 16.
629 4004 798 4068 Plut.
862 4004 943 4069 de
1006 4004 1200 4068 Stoic.
1263 4022 1533 4086 repugn.
1586 4006 1623 4066 2
1683 4024 1746 4086 p.
1810 4007 1969 4068 1033
2048 4002 2155 4070 οὐκ
2223 3998 2448 4091 ἄδηλον
2515 4002 2607 4072 ὅτι
2662 4009 2785 4081 τοῖς
2842 4004 2941 4095 ὑφ’

252 4124 486 4209 ἑτέρων
532 4126 933 4210 γραφομένοις
977 4121 1077 4188 καὶ
1122 4124 1464 4209 λεγομένοις
1528 4128 1755 4208 μᾶλλον
1800 4119 1838 4209 ἢ
1887 4127 2009 4198 τοῖς
2056 4122 2160 4212 ὑφ’
2219 4122 2414 4192 αὑτῶν
2461 4124 2950 4215 ὁμολογουμένως

248 4244 491 4330 ἔζησαν
548 4244 813 4330 (Stoici),
884 4236 956 4329 ἢν
995 4242 1341 4330 Ἐπίκουρος
1400 4241 1659 4331 ἡσυχίαν
1707 4247 1938 4323 ἐπαινεῖ
1982 4245 2083 4311 καὶ
2115 4244 2492 4334 Ἱερώνυμος,
2546 4252 2608 4315 ἐν
2652 4245 2839 4337 ταύτῃ
2886 4248 2951 4316 τὸ

236 4359 549 4451 παράπαν
596 4364 1102 4453 καταβιώσαντες.
2836 4425 2848 4437 ,

437 4486 724 4571 Apparet
766 4507 894 4552 non
940 4494 1108 4552 recte
1154 4486 1491 4570 scripsisse
1538 4488 1856 4552 Zellerum
1897 4488 1961 4554 11
1992 4492 2062 4551 2³
2105 4512 2168 4574 p.
2207 4493 2354 4573 925,
2397 4497 2469 4554 4:
2562 4493 2680 4556 ‘die
2722 4489 2951 4580 ἡσυχία

235 4606 615 4670 bezeichnet
660 4608 836 4671 Plut.
887 4611 1022 4672 Sto.
1074 4630 1206 4691 rep.
1261 4613 1319 4686 2,
1359 4612 1401 4670 2
1446 4609 1544 4670 als
1592 4608 2019 4693 Hieronymus
2064 4612 2265 4691 Ideal,
2319 4612 2436 4677 mit
2478 4615 2617 4677 dem
2661 4614 2939 4695 Beisatz,

220 4727 433 4791 sein
479 4730 741 4792 Leben
797 4728 1001 4791 habe
1060 4730 1368 4807 ebens0,
1432 4730 1569 4791 wie
1626 4730 1769 4793 das
1814 4730 2220 4814 Epikurs,
2284 4733 2546 4798 dieser
2611 4735 2950 4799 Theorie

217 4849 841 4947 entsprochen’.

2456 4978 2486 5028 2
2506 4980 2536 5013 ἢ
