<?xml version="1.0" encoding="UTF-8"?>
<!DOCTYPE html PUBLIC "-//W3C//DTD XHTML 1.0 Transitional//EN"
    "http://www.w3.org/TR/xhtml1/DTD/xhtml1-transitional.dtd">
<html xmlns="http://www.w3.org/1999/xhtml" xml:lang="en" lang="en">
 <head>
  <title>
</title>
<meta http-equiv="Content-Type" content="text/html;charset=utf-8" />
  <meta name='ocr-system' content='tesseract 3.04.00' />
  <meta name='ocr-capabilities' content='ocr_page ocr_carea ocr_par ocr_line ocrx_word'/>
</head>
<body>
  <div class='ocr_page' id='page_1' title='image "./hieromymirkedii01hillgoog_0010.png"; bbox 0 0 3785 5187; ppageno 0'>
   <div class='ocr_carea' id='block_1_1' title="bbox 760 329 2302 391">
    <p class='ocr_par' dir='ltr' id='par_1_1' title="bbox 760 329 2302 391">
     <span class='ocr_line' id='line_1_1' title="bbox 760 329 2302 391; baseline -0.003 0"><span class='ocrx_word' id='word_1_1' title='bbox 760 329 799 391; x_wconf 91' lang='grc'>8</span> <span class='ocrx_word' id='word_1_2' title='bbox 1911 335 1977 388; x_wconf 89' lang='grc' dir='ltr'>Ε.</span> <span class='ocrx_word' id='word_1_3' title='bbox 2018 335 2302 388; x_wconf 87' lang='lat' dir='ltr'>HILLER</span> 
     </span>
    </p>
   </div>
   <div class='ocr_carea' id='block_1_2' title="bbox 753 520 3464 2423">
    <p class='ocr_par' dir='ltr' id='par_1_2' title="bbox 753 520 3464 2423">
     <span class='ocr_line' id='line_1_2' title="bbox 753 520 3458 615; baseline 0.004 -29"><span class='ocrx_word' id='word_1_4' title='bbox 753 541 832 587; x_wconf 86' lang='lat' dir='ltr'>ae</span> <span class='ocrx_word' id='word_1_5' title='bbox 874 521 1148 607; x_wconf 85' lang='lat' dir='ltr'><strong>primum</strong></span> <span class='ocrx_word' id='word_1_6' title='bbox 1192 520 1453 604; x_wconf 88' lang='lat' dir='ltr'><strong>quidem</strong></span> <span class='ocrx_word' id='word_1_7' title='bbox 1496 541 1577 586; x_wconf 97' lang='lat' dir='ltr'>ea</span> <span class='ocrx_word' id='word_1_8' title='bbox 1618 523 1980 606; x_wconf 84' lang='lat' dir='ltr'><strong>fragmenta</strong></span> <span class='ocrx_word' id='word_1_9' title='bbox 2029 543 2296 606; x_wconf 80' lang='lat' dir='ltr'><strong>quorum</strong></span> <span class='ocrx_word' id='word_1_10' title='bbox 2338 535 2786 609; x_wconf 78' lang='lat' dir='ltr'><strong>argumentum</strong></span> <span class='ocrx_word' id='word_1_11' title='bbox 2829 530 2916 594; x_wconf 86' lang='lat' dir='ltr'>ad</span> <span class='ocrx_word' id='word_1_12' title='bbox 2973 531 3458 615; x_wconf 81' lang='lat' dir='ltr'><strong>philosophiam</strong></span> 
     </span>
     <span class='ocr_line' id='line_1_3' title="bbox 757 642 3462 731; baseline 0.004 -23"><span class='ocrx_word' id='word_1_13' title='bbox 757 651 823 709; x_wconf 94' lang='lat' dir='ltr'><strong>et</strong></span> <span class='ocrx_word' id='word_1_14' title='bbox 875 642 960 707; x_wconf 85' lang='lat' dir='ltr'>ad</span> <span class='ocrx_word' id='word_1_15' title='bbox 1010 643 1421 725; x_wconf 82' lang='lat' dir='ltr'><strong>quaestiones</strong></span> <span class='ocrx_word' id='word_1_16' title='bbox 1475 645 1804 709; x_wconf 90' lang='lat' dir='ltr'><strong>naturales</strong></span> <span class='ocrx_word' id='word_1_17' title='bbox 1870 645 2148 728; x_wconf 83' lang='lat' dir='ltr'><strong>pertinet</strong></span> <span class='ocrx_word' id='word_1_18' title='bbox 2223 646 2319 730; x_wconf 89' lang='lat' dir='ltr'><strong>(fr.</strong></span> <span class='ocrx_word' id='word_1_19' title='bbox 2385 648 2714 731; x_wconf 82' lang='lat' dir='ltr'>XI—XX)</span> <span class='ocrx_word' id='word_1_20' title='bbox 2733 701 2748 728; x_wconf 92' lang='lat'>,</span> <span class='ocrx_word' id='word_1_21' title='bbox 2819 650 3050 715; x_wconf 89' lang='lat' dir='ltr'><strong>deinde</strong></span> <span class='ocrx_word' id='word_1_22' title='bbox 3107 671 3218 716; x_wconf 92' lang='lat' dir='ltr'><strong>eos</strong></span> <span class='ocrx_word' id='word_1_23' title='bbox 3274 654 3462 718; x_wconf 83' lang='lat' dir='ltr'><strong>loeos</strong></span> 
     </span>
     <span class='ocr_line' id='line_1_4' title="bbox 756 764 3458 853; baseline 0.003 -22"><span class='ocrx_word' id='word_1_24' title='bbox 756 765 989 849; x_wconf 89' lang='lat' dir='ltr'><strong>quibus</strong></span> <span class='ocrx_word' id='word_1_25' title='bbox 1034 764 1115 829; x_wconf 87' lang='lat' dir='ltr'>de</span> <span class='ocrx_word' id='word_1_26' title='bbox 1144 764 1547 849; x_wconf 90' lang='lat' dir='ltr'><strong>philosophis</strong></span> <span class='ocrx_word' id='word_1_27' title='bbox 1580 765 1920 831; x_wconf 85' lang='lat' dir='ltr'><strong>disseritur</strong></span> <span class='ocrx_word' id='word_1_28' title='bbox 1971 769 1986 846; x_wconf 83' lang='lat'><strong>(</strong></span> <span class='ocrx_word' id='word_1_29' title='bbox 1991 767 2066 830; x_wconf 87' lang='lat' dir='ltr'>fr.</span> <span class='ocrx_word' id='word_1_30' title='bbox 2119 768 2640 851; x_wconf 78' lang='lat' dir='ltr'>XXI—XXVI),</span> <span class='ocrx_word' id='word_1_31' title='bbox 2688 775 2824 835; x_wconf 92' lang='lat' dir='ltr'><strong>tum</strong></span> <span class='ocrx_word' id='word_1_32' title='bbox 2855 771 3105 853; x_wconf 89' lang='lat' dir='ltr'><strong>reliqua</strong></span> <span class='ocrx_word' id='word_1_33' title='bbox 3133 773 3221 837; x_wconf 88' lang='lat' dir='ltr'>ad</span> <span class='ocrx_word' id='word_1_34' title='bbox 3247 772 3458 838; x_wconf 90' lang='lat' dir='ltr'><strong>histo—</strong></span> 
     </span>
     <span class='ocr_line' id='line_1_5' title="bbox 755 885 3464 975; baseline 0.003 -25"><span class='ocrx_word' id='word_1_35' title='bbox 755 886 919 950; x_wconf 86' lang='lat' dir='ltr'><strong>riam</strong></span> <span class='ocrx_word' id='word_1_36' title='bbox 963 885 1317 951; x_wconf 84' lang='lat' dir='ltr'><strong>litterarum</strong></span> <span class='ocrx_word' id='word_1_37' title='bbox 1362 886 1748 969; x_wconf 87' lang='lat' dir='ltr'><strong>pertinentia</strong></span> <span class='ocrx_word' id='word_1_38' title='bbox 1800 886 1901 969; x_wconf 86' lang='lat' dir='ltr'><strong>(fr.</strong></span> <span class='ocrx_word' id='word_1_39' title='bbox 1950 887 2533 971; x_wconf 81' lang='lat' dir='ltr'>XXVH—XXX),</span> <span class='ocrx_word' id='word_1_40' title='bbox 2570 897 2890 975; x_wconf 89' lang='lat' dir='ltr'><strong>postremo</strong></span> <span class='ocrx_word' id='word_1_41' title='bbox 2921 891 3102 956; x_wconf 83' lang='lat' dir='ltr'><strong>varia</strong></span> <span class='ocrx_word' id='word_1_42' title='bbox 3146 895 3464 959; x_wconf 86' lang='lat' dir='ltr'><strong>nonnulla</strong></span> 
     </span>
     <span class='ocr_line' id='line_1_6' title="bbox 767 1006 3456 1095; baseline 0.002 -22"><span class='ocrx_word' id='word_1_43' title='bbox 767 1008 866 1090; x_wconf 85' lang='lat' dir='ltr'><strong>(fr.</strong></span> <span class='ocrx_word' id='word_1_44' title='bbox 916 1006 1529 1090; x_wconf 80' lang='lat' dir='ltr'>XXXI—XXXV).</span> <span class='ocrx_word' id='word_1_45' title='bbox 1626 1007 1900 1090; x_wconf 83' lang='lat' dir='ltr'><strong>Singula</strong></span> <span class='ocrx_word' id='word_1_46' title='bbox 1941 1007 2308 1090; x_wconf 85' lang='lat' dir='ltr'><strong>fragmenta</strong></span> <span class='ocrx_word' id='word_1_47' title='bbox 2350 1010 2537 1075; x_wconf 76' lang='lat' dir='ltr'><strong>certis</strong></span> <span class='ocrx_word' id='word_1_48' title='bbox 2574 1011 2878 1095; x_wconf 88' lang='lat' dir='ltr'><strong>operibus</strong></span> <span class='ocrx_word' id='word_1_49' title='bbox 2922 1013 3294 1095; x_wconf 90' lang='lat' dir='ltr'><strong>plerumque</strong></span> <span class='ocrx_word' id='word_1_50' title='bbox 3321 1035 3456 1079; x_wconf 87' lang='lat' dir='ltr'>non</span> 
     </span>
     <span class='ocr_line' id='line_1_7' title="bbox 756 1127 3454 1213; baseline 0.003 -21"><span class='ocrx_word' id='word_1_51' title='bbox 756 1127 881 1193; x_wconf 86' lang='lat' dir='ltr'><strong>nisi</strong></span> <span class='ocrx_word' id='word_1_52' title='bbox 939 1127 1386 1192; x_wconf 79' lang='lat' dir='ltr'><strong>incertissimis</strong></span> <span class='ocrx_word' id='word_1_53' title='bbox 1431 1127 1810 1193; x_wconf 78' lang='lat' dir='ltr'><strong>coniecturis</strong></span> <span class='ocrx_word' id='word_1_54' title='bbox 1854 1136 2126 1213; x_wconf 89' lang='lat' dir='ltr'><strong>possunt</strong></span> <span class='ocrx_word' id='word_1_55' title='bbox 2167 1129 2457 1208; x_wconf 80' lang='lat' dir='ltr'><strong>attribui3</strong></span> <span class='ocrx_word' id='word_1_56' title='bbox 2508 1130 2578 1195; x_wconf 91' lang='lat' dir='ltr'>id</span> <span class='ocrx_word' id='word_1_57' title='bbox 2607 1138 2824 1196; x_wconf 86' lang='lat' dir='ltr'><strong>tamen</strong></span> <span class='ocrx_word' id='word_1_58' title='bbox 2860 1133 2997 1198; x_wconf 88' lang='lat' dir='ltr'><strong>veri</strong></span> <span class='ocrx_word' id='word_1_59' title='bbox 3027 1134 3236 1199; x_wconf 91' lang='lat' dir='ltr'><strong>simile</strong></span> <span class='ocrx_word' id='word_1_60' title='bbox 3265 1134 3454 1200; x_wconf 89' lang='lat' dir='ltr'><strong>vide-</strong></span> 
     </span>
     <span class='ocr_line' id='line_1_8' title="bbox 759 1249 3453 1339; baseline 0.002 -25"><span class='ocrx_word' id='word_1_61' title='bbox 759 1256 882 1328; x_wconf 91' lang='lat' dir='ltr'><strong>tur,</strong></span> <span class='ocrx_word' id='word_1_62' title='bbox 932 1249 1050 1314; x_wconf 89' lang='lat' dir='ltr'><strong>illa</strong></span> <span class='ocrx_word' id='word_1_63' title='bbox 1092 1268 1342 1332; x_wconf 90' lang='lat' dir='ltr'><strong>quoque</strong></span> <span class='ocrx_word' id='word_1_64' title='bbox 1388 1269 1555 1332; x_wconf 89' lang='lat' dir='ltr'><strong>quae</strong></span> <span class='ocrx_word' id='word_1_65' title='bbox 1600 1255 1855 1333; x_wconf 88' lang='lat' dir='ltr'><strong>praeter</strong></span> <span class='ocrx_word' id='word_1_66' title='bbox 1899 1249 1981 1314; x_wconf 90' lang='lat' dir='ltr'>fr.</span> <span class='ocrx_word' id='word_1_67' title='bbox 2016 1251 2170 1315; x_wconf 84' lang='lat' dir='ltr'><strong>VIII</strong></span> <span class='ocrx_word' id='word_1_68' title='bbox 2215 1256 2280 1316; x_wconf 92' lang='lat' dir='ltr'><strong>et</strong></span> <span class='ocrx_word' id='word_1_69' title='bbox 2321 1251 2418 1314; x_wconf 89' lang='lat' dir='ltr'>IX</span> <span class='ocrx_word' id='word_1_70' title='bbox 2464 1251 2547 1316; x_wconf 91' lang='lat' dir='ltr'>de</span> <span class='ocrx_word' id='word_1_71' title='bbox 2591 1253 2992 1338; x_wconf 87' lang='lat' dir='ltr'><strong>philosophis</strong></span> <span class='ocrx_word' id='word_1_72' title='bbox 3039 1254 3212 1339; x_wconf 88' lang='lat' dir='ltr'><strong>apud</strong></span> <span class='ocrx_word' id='word_1_73' title='bbox 3249 1256 3453 1319; x_wconf 88' lang='lat' dir='ltr'><strong>Laer-</strong></span> 
     </span>
     <span class='ocr_line' id='line_1_9' title="bbox 757 1369 3454 1458; baseline 0.001 -22"><span class='ocrx_word' id='word_1_74' title='bbox 757 1371 918 1436; x_wconf 89' lang='lat' dir='ltr'><strong>tium</strong></span> <span class='ocrx_word' id='word_1_75' title='bbox 962 1369 1318 1453; x_wconf 81' lang='lat' dir='ltr'><strong>Diogenem</strong></span> <span class='ocrx_word' id='word_1_76' title='bbox 1379 1390 1458 1434; x_wconf 83' lang='lat' dir='ltr'>ex</span> <span class='ocrx_word' id='word_1_77' title='bbox 1516 1370 1907 1454; x_wconf 88' lang='lat' dir='ltr'><strong>Hieronymo</strong></span> <span class='ocrx_word' id='word_1_78' title='bbox 1967 1370 2330 1436; x_wconf 88' lang='lat' dir='ltr'><strong>referuntur</strong></span> <span class='ocrx_word' id='word_1_79' title='bbox 2383 1372 2477 1447; x_wconf 91' lang='lat' dir='ltr'><strong>(fr.</strong></span> <span class='ocrx_word' id='word_1_80' title='bbox 2540 1374 2701 1437; x_wconf 90' lang='lat' dir='ltr'>XXI</span> <span class='ocrx_word' id='word_1_81' title='bbox 2718 1411 2794 1420; x_wconf 93' lang='lat'><em>-</em></span> <span class='ocrx_word' id='word_1_82' title='bbox 2813 1374 3049 1458; x_wconf 90' lang='lat' dir='ltr'>XXVI)</span> <span class='ocrx_word' id='word_1_83' title='bbox 3116 1396 3196 1440; x_wconf 86' lang='lat' dir='ltr'>ex</span> <span class='ocrx_word' id='word_1_84' title='bbox 3250 1376 3454 1440; x_wconf 89' lang='lat' dir='ltr'><strong>altero</strong></span> 
     </span>
     <span class='ocr_line' id='line_1_10' title="bbox 758 1487 3458 1577; baseline 0.002 -21"><span class='ocrx_word' id='word_1_85' title='bbox 758 1491 919 1557; x_wconf 90' lang='lat' dir='ltr'><strong>libro</strong></span> <span class='ocrx_word' id='word_1_86' title='bbox 962 1495 1081 1555; x_wconf 80' lang='grc' dir='ltr'>τῶν</span> <span class='ocrx_word' id='word_1_87' title='bbox 1129 1487 1434 1577; x_wconf 83' lang='grc' dir='ltr'>σποράδην</span> <span class='ocrx_word' id='word_1_88' title='bbox 1483 1487 1923 1577; x_wconf 75' lang='grc' dir='ltr'>ὑπομνημάτων</span> <span class='ocrx_word' id='word_1_89' title='bbox 1984 1511 2130 1557; x_wconf 90' lang='lat' dir='ltr'><strong>esse</strong></span> <span class='ocrx_word' id='word_1_90' title='bbox 2187 1494 2424 1558; x_wconf 88' lang='lat' dir='ltr'><strong>hausta</strong></span> <span class='ocrx_word' id='word_1_91' title='bbox 2474 1493 2754 1576; x_wconf 83' lang='lat' dir='ltr'><strong>(Clinton</strong></span> <span class='ocrx_word' id='word_1_92' title='bbox 2797 1495 2842 1558; x_wconf 90' lang='lat' dir='ltr'>l.</span> <span class='ocrx_word' id='word_1_93' title='bbox 2895 1495 2973 1576; x_wconf 83' lang='lat' dir='ltr'>e.)</span> <span class='ocrx_word' id='word_1_94' title='bbox 2994 1545 3008 1558; x_wconf 95' lang='lat'><strong>.</strong></span> <span class='ocrx_word' id='word_1_95' title='bbox 3115 1497 3458 1561; x_wconf 86' lang='lat' dir='ltr'><strong>Praeterea</strong></span> 
     </span>
     <span class='ocr_line' id='line_1_11' title="bbox 756 1611 3454 1698; baseline 0.001 -21"><span class='ocrx_word' id='word_1_96' title='bbox 756 1613 1324 1696; x_wconf 87' lang='lat' dir='ltr'><strong>hypomnematum</strong></span> <span class='ocrx_word' id='word_1_97' title='bbox 1384 1611 1564 1678; x_wconf 86' lang='lat' dir='ltr'><strong>libris</strong></span> <span class='ocrx_word' id='word_1_98' title='bbox 1621 1613 1873 1681; x_wconf 88' lang='lat' dir='ltr'><strong>lonsius</strong></span> <span class='ocrx_word' id='word_1_99' title='bbox 1932 1612 2291 1695; x_wconf 87' lang='lat' dir='ltr'><strong>assignavit</strong></span> <span class='ocrx_word' id='word_1_100' title='bbox 2346 1614 2577 1696; x_wconf 88' lang='lat' dir='ltr'><strong>fragm.</strong></span> <span class='ocrx_word' id='word_1_101' title='bbox 2638 1614 2846 1697; x_wconf 89' lang='lat' dir='ltr'>XVII,</span> <span class='ocrx_word' id='word_1_102' title='bbox 2927 1616 3097 1698; x_wconf 87' lang='lat' dir='ltr'><strong>quod</strong></span> <span class='ocrx_word' id='word_1_103' title='bbox 3153 1616 3454 1681; x_wconf 90' lang='lat' dir='ltr'><strong>Wolffius</strong></span> 
     </span>
     <span class='ocr_line' id='line_1_12' title="bbox 758 1731 3452 1818; baseline 0.001 -21"><span class='ocrx_word' id='word_1_104' title='bbox 758 1732 1088 1798; x_wconf 88' lang='lat' dir='ltr'><strong>levissimo</strong></span> <span class='ocrx_word' id='word_1_105' title='bbox 1133 1739 1509 1817; x_wconf 89' lang='lat' dir='ltr'><strong>argumento</strong></span> <span class='ocrx_word' id='word_1_106' title='bbox 1554 1753 1710 1799; x_wconf 88' lang='lat' dir='ltr'><strong>usus</strong></span> <span class='ocrx_word' id='word_1_107' title='bbox 1755 1731 1841 1798; x_wconf 90' lang='lat' dir='ltr'>ad</span> <span class='ocrx_word' id='word_1_108' title='bbox 1884 1733 2196 1817; x_wconf 84' lang='lat' dir='ltr'><strong>epistulas</strong></span> <span class='ocrx_word' id='word_1_109' title='bbox 2241 1734 2505 1815; x_wconf 89' lang='lat' dir='ltr'><strong>rettulit,</strong></span> <span class='ocrx_word' id='word_1_110' title='bbox 2558 1741 2623 1799; x_wconf 88' lang='lat' dir='ltr'><strong>et</strong></span> <span class='ocrx_word' id='word_1_111' title='bbox 2679 1734 2758 1798; x_wconf 88' lang='lat' dir='ltr'>fr.</span> <span class='ocrx_word' id='word_1_112' title='bbox 2821 1736 3128 1818; x_wconf 89' lang='lat' dir='ltr'>XXXIV,</span> <span class='ocrx_word' id='word_1_113' title='bbox 3200 1737 3452 1802; x_wconf 90' lang='lat' dir='ltr'><strong>Luenz-</strong></span> 
     </span>
     <span class='ocr_line' id='line_1_13' title="bbox 757 1853 3440 1941; baseline 0.001 -22"><span class='ocrx_word' id='word_1_114' title='bbox 757 1872 951 1919; x_wconf 90' lang='lat' dir='ltr'><strong>nerus</strong></span> <span class='ocrx_word' id='word_1_115' title='bbox 1007 1854 1086 1919; x_wconf 85' lang='lat' dir='ltr'>fr.</span> <span class='ocrx_word' id='word_1_116' title='bbox 1153 1854 1302 1935; x_wconf 88' lang='lat' dir='ltr'>XX,</span> <span class='ocrx_word' id='word_1_117' title='bbox 1363 1853 1646 1918; x_wconf 87' lang='lat' dir='ltr'><strong>Ritterus</strong></span> <span class='ocrx_word' id='word_1_118' title='bbox 1691 1853 1768 1918; x_wconf 85' lang='lat' dir='ltr'>fr.</span> <span class='ocrx_word' id='word_1_119' title='bbox 1831 1854 2148 1930; x_wconf 91' lang='lat' dir='ltr'>XXVIII,</span> <span class='ocrx_word' id='word_1_120' title='bbox 2210 1853 2528 1920; x_wconf 87' lang='lat' dir='ltr'><strong>Pideritus</strong></span> <span class='ocrx_word' id='word_1_121' title='bbox 2597 1855 2750 1938; x_wconf 84' lang='lat' dir='ltr'><strong>(Cio.</strong></span> <span class='ocrx_word' id='word_1_122' title='bbox 2817 1855 2962 1921; x_wconf 84' lang='lat' dir='ltr'><strong>Or.2</strong></span> <span class='ocrx_word' id='word_1_123' title='bbox 3018 1878 3082 1941; x_wconf 93' lang='lat' dir='ltr'>p.</span> <span class='ocrx_word' id='word_1_124' title='bbox 3156 1861 3292 1936; x_wconf 84' lang='lat'>172)</span> <span class='ocrx_word' id='word_1_125' title='bbox 3362 1857 3440 1921; x_wconf 85' lang='lat' dir='ltr'>fr.</span> 
     </span>
     <span class='ocr_line' id='line_1_14' title="bbox 761 1973 3450 2062; baseline 0.001 -23"><span class='ocrx_word' id='word_1_126' title='bbox 761 1975 977 2058; x_wconf 90' lang='lat' dir='ltr'>XXX,</span> <span class='ocrx_word' id='word_1_127' title='bbox 1028 1974 1200 2058; x_wconf 87' lang='lat' dir='ltr'><strong>quod</strong></span> <span class='ocrx_word' id='word_1_128' title='bbox 1260 1995 1340 2040; x_wconf 83' lang='lat' dir='ltr'>ex</span> <span class='ocrx_word' id='word_1_129' title='bbox 1386 1973 1547 2039; x_wconf 90' lang='lat' dir='ltr'><strong>libro</strong></span> <span class='ocrx_word' id='word_1_130' title='bbox 1592 1975 1806 2058; x_wconf 88' lang='lat' dir='ltr'><strong>aliquo</strong></span> <span class='ocrx_word' id='word_1_131' title='bbox 1852 1976 1935 2041; x_wconf 86' lang='lat' dir='ltr'>de</span> <span class='ocrx_word' id='word_1_132' title='bbox 1978 1981 2116 2040; x_wconf 83' lang='lat' dir='ltr'><strong>arte</strong></span> <span class='ocrx_word' id='word_1_133' title='bbox 2173 1975 2486 2040; x_wconf 82' lang='lat' dir='ltr'><strong>rhetorica</strong></span> <span class='ocrx_word' id='word_1_134' title='bbox 2531 1977 2637 2041; x_wconf 82' lang='lat' dir='ltr'>vel</span> <span class='ocrx_word' id='word_1_135' title='bbox 2682 1975 2949 2042; x_wconf 79' lang='lat' dir='ltr'><strong>metrica</strong></span> <span class='ocrx_word' id='word_1_136' title='bbox 2991 1978 3261 2062; x_wconf 88' lang='lat' dir='ltr'><strong>petitum</strong></span> <span class='ocrx_word' id='word_1_137' title='bbox 3305 1996 3450 2043; x_wconf 91' lang='lat' dir='ltr'><strong>esse</strong></span> 
     </span>
     <span class='ocr_line' id='line_1_15' title="bbox 761 2091 3443 2181; baseline 0 -20"><span class='ocrx_word' id='word_1_138' title='bbox 761 2097 1056 2162; x_wconf 90' lang='lat' dir='ltr'><strong>Zellerus</strong></span> <span class='ocrx_word' id='word_1_139' title='bbox 1122 2097 1204 2181; x_wconf 89' lang='lat' dir='ltr'>(p.</span> <span class='ocrx_word' id='word_1_140' title='bbox 1269 2099 1416 2177; x_wconf 76' lang='lat'>92⁴,</span> <span class='ocrx_word' id='word_1_141' title='bbox 1484 2100 1543 2178; x_wconf 86' lang='lat'>3)</span> <span class='ocrx_word' id='word_1_142' title='bbox 1596 2096 1959 2176; x_wconf 81' lang='lat' dir='ltr'><strong>arbitratur,</strong></span> <span class='ocrx_word' id='word_1_143' title='bbox 2026 2091 2681 2180; x_wconf 63' lang='lat' dir='ltr'><strong>Schweighaeuserus</strong></span> <span class='ocrx_word' id='word_1_144' title='bbox 2726 2097 2804 2161; x_wconf 84' lang='lat' dir='ltr'>fr.</span> <span class='ocrx_word' id='word_1_145' title='bbox 2855 2098 3149 2176; x_wconf 83' lang='lat' dir='ltr'>XXXII3</span> <span class='ocrx_word' id='word_1_146' title='bbox 3216 2098 3443 2181; x_wconf 86' lang='lat' dir='ltr'><strong>fragm.</strong></span> 
     </span>
     <span class='ocr_line' id='line_1_16' title="bbox 760 2216 3451 2303; baseline 0 -21"><span class='ocrx_word' id='word_1_147' title='bbox 760 2217 1012 2282; x_wconf 91' lang='lat' dir='ltr'>XXVII</span> <span class='ocrx_word' id='word_1_148' title='bbox 1068 2224 1283 2281; x_wconf 88' lang='lat' dir='ltr'><strong>autem</strong></span> <span class='ocrx_word' id='word_1_149' title='bbox 1344 2216 1432 2282; x_wconf 87' lang='lat' dir='ltr'>ad</span> <span class='ocrx_word' id='word_1_150' title='bbox 1489 2216 1685 2283; x_wconf 88' lang='lat' dir='ltr'><strong>libros</strong></span> <span class='ocrx_word' id='word_1_151' title='bbox 1741 2216 1823 2282; x_wconf 87' lang='lat' dir='ltr'>de</span> <span class='ocrx_word' id='word_1_152' title='bbox 1876 2217 2082 2302; x_wconf 87' lang='lat' dir='ltr'><strong>poetis</strong></span> <span class='ocrx_word' id='word_1_153' title='bbox 2126 2216 2376 2282; x_wconf 82' lang='lat' dir='ltr'><strong>melicis</strong></span> <span class='ocrx_word' id='word_1_154' title='bbox 2420 2222 2484 2282; x_wconf 91' lang='lat' dir='ltr'><strong>et</strong></span> <span class='ocrx_word' id='word_1_155' title='bbox 2528 2217 2838 2282; x_wconf 79' lang='lat' dir='ltr'><strong>scaenicis</strong></span> <span class='ocrx_word' id='word_1_156' title='bbox 2903 2219 3224 2303; x_wconf 89' lang='lat' dir='ltr'><strong>pertinere</strong></span> <span class='ocrx_word' id='word_1_157' title='bbox 3289 2219 3451 2284; x_wconf 89' lang='lat' dir='ltr'><strong>bene</strong></span> 
     </span>
     <span class='ocr_line' id='line_1_17' title="bbox 761 2336 2711 2423; baseline -0.002 -19"><span class='ocrx_word' id='word_1_158' title='bbox 761 2337 1093 2423; x_wconf 83' lang='lat' dir='ltr'><strong>perspexit</strong></span> <span class='ocrx_word' id='word_1_159' title='bbox 1136 2337 1369 2402; x_wconf 90' lang='lat' dir='ltr'><strong>Harles</strong></span> <span class='ocrx_word' id='word_1_160' title='bbox 1436 2337 1539 2420; x_wconf 89' lang='lat' dir='ltr'>(ad</span> <span class='ocrx_word' id='word_1_161' title='bbox 1583 2337 1833 2403; x_wconf 84' lang='lat' dir='ltr'><strong>Fabrio.</strong></span> <span class='ocrx_word' id='word_1_162' title='bbox 1887 2337 2055 2403; x_wconf 90' lang='lat' dir='ltr'><strong>Bibl.</strong></span> <span class='ocrx_word' id='word_1_163' title='bbox 2110 2336 2220 2401; x_wconf 81' lang='lat' dir='ltr'>Gr.</span> <span class='ocrx_word' id='word_1_164' title='bbox 2271 2338 2370 2401; x_wconf 91' lang='lat'>111</span> <span class='ocrx_word' id='word_1_165' title='bbox 2413 2359 2479 2422; x_wconf 99' lang='lat' dir='ltr'>p.</span> <span class='ocrx_word' id='word_1_166' title='bbox 2535 2340 2711 2419; x_wconf 84' lang='grc'>496).</span> 
     </span>
    </p>
   </div>
   <div class='ocr_carea' id='block_1_3' title="bbox 746 2539 3457 3359">
    <p class='ocr_par' dir='ltr' id='par_1_3' title="bbox 746 2539 3457 3359">
     <span class='ocr_line' id='line_1_18' title="bbox 935 2539 3455 2633; baseline 0.001 -23"><span class='ocrx_word' id='word_1_167' title='bbox 935 2545 989 2611; x_wconf 93' lang='grc' dir='ltr'>Ι.</span> <span class='ocrx_word' id='word_1_168' title='bbox 1041 2546 1253 2611; x_wconf 82' lang='lat' dir='ltr'><strong>Laert.</strong></span> <span class='ocrx_word' id='word_1_169' title='bbox 1283 2544 1347 2609; x_wconf 93' lang='lat' dir='ltr'>II</span> <span class='ocrx_word' id='word_1_170' title='bbox 1385 2550 1505 2609; x_wconf 81' lang='lat'>105</span> <span class='ocrx_word' id='word_1_171' title='bbox 1554 2546 1801 2631; x_wconf 80' lang='grc' dir='ltr'>Φαίδων</span> <span class='ocrx_word' id='word_1_172' title='bbox 1844 2541 2112 2628; x_wconf 86' lang='grc' dir='ltr'>Ἠλεῖος,</span> <span class='ocrx_word' id='word_1_173' title='bbox 2164 2548 2282 2609; x_wconf 81' lang='grc' dir='ltr'>τῶν</span> <span class='ocrx_word' id='word_1_174' title='bbox 2329 2539 2738 2631; x_wconf 74' lang='grc' dir='ltr'>εὐπατριδῶν,</span> <span class='ocrx_word' id='word_1_175' title='bbox 2780 2541 3052 2612; x_wconf 81' lang='grc' dir='ltr'>συνεάλω</span> <span class='ocrx_word' id='word_1_176' title='bbox 3097 2551 3170 2633; x_wconf 82' lang='grc' dir='ltr'>τῄ</span> <span class='ocrx_word' id='word_1_177' title='bbox 3209 2547 3455 2633; x_wconf 83' lang='grc' dir='ltr'>πατρίδι</span> 
     </span>
     <span class='ocr_line' id='line_1_19' title="bbox 762 2662 3456 2754; baseline 0 -23"><span class='ocrx_word' id='word_1_178' title='bbox 762 2664 864 2732; x_wconf 83' lang='grc' dir='ltr'>καὶ</span> <span class='ocrx_word' id='word_1_179' title='bbox 921 2662 1281 2752; x_wconf 79' lang='grc' dir='ltr'>ἠναγκάσθη</span> <span class='ocrx_word' id='word_1_180' title='bbox 1345 2672 1557 2752; x_wconf 81' lang='grc' dir='ltr'>στῆναι</span> <span class='ocrx_word' id='word_1_181' title='bbox 1630 2664 1728 2731; x_wconf 82' lang='grc' dir='ltr'>ἐπ’</span> <span class='ocrx_word' id='word_1_182' title='bbox 1797 2663 2145 2752; x_wconf 78' lang='grc' dir='ltr'><strong>οἰκήματος·</strong></span> <span class='ocrx_word' id='word_1_183' title='bbox 2213 2663 2370 2731; x_wconf 84' lang='grc' dir='ltr'>ἀλλά</span> <span class='ocrx_word' id='word_1_184' title='bbox 2426 2662 2492 2731; x_wconf 85' lang='grc' dir='ltr'>τὸ</span> <span class='ocrx_word' id='word_1_185' title='bbox 2553 2662 2761 2754; x_wconf 90' lang='grc' dir='ltr'>θύριον</span> <span class='ocrx_word' id='word_1_186' title='bbox 2819 2667 3160 2754; x_wconf 86' lang='grc' dir='ltr'>προστιθεὶς</span> <span class='ocrx_word' id='word_1_187' title='bbox 3218 2670 3456 2753; x_wconf 79' lang='grc' dir='ltr'>μετεῖχε</span> 
     </span>
     <span class='ocr_line' id='line_1_20' title="bbox 764 2780 3456 2875; baseline 0.001 -25"><span class='ocrx_word' id='word_1_188' title='bbox 764 2784 1143 2874; x_wconf 76' lang='grc' dir='ltr'>Σωκράτους,</span> <span class='ocrx_word' id='word_1_189' title='bbox 1196 2791 1309 2861; x_wconf 82' lang='grc' dir='ltr'>ἕως</span> <span class='ocrx_word' id='word_1_190' title='bbox 1356 2784 1531 2853; x_wconf 75' lang='grc' dir='ltr'>αὐτὸν</span> <span class='ocrx_word' id='word_1_191' title='bbox 1575 2784 2002 2874; x_wconf 82' lang='grc' dir='ltr'>λυτρώσασθαι</span> <span class='ocrx_word' id='word_1_192' title='bbox 2060 2784 2194 2860; x_wconf 80' lang='grc' dir='ltr'>τοὺς</span> <span class='ocrx_word' id='word_1_193' title='bbox 2237 2786 2374 2873; x_wconf 85' lang='grc' dir='ltr'>περὶ</span> <span class='ocrx_word' id='word_1_194' title='bbox 2410 2784 2795 2875; x_wconf 81' lang='grc' dir='ltr'>Ἀλκιβιάδην</span> <span class='ocrx_word' id='word_1_195' title='bbox 2850 2782 2888 2873; x_wconf 79' lang='grc' dir='ltr'>ἢ</span> <span class='ocrx_word' id='word_1_196' title='bbox 2937 2787 3216 2874; x_wconf 85' lang='grc' dir='ltr'>Κρίτωνα</span> <span class='ocrx_word' id='word_1_197' title='bbox 3259 2780 3456 2875; x_wconf 73' lang='grc' dir='ltr'>προῦ-</span> 
     </span>
     <span class='ocr_line' id='line_1_21' title="bbox 767 2904 3455 2997; baseline -0.001 -24"><span class='ocrx_word' id='word_1_198' title='bbox 767 2916 966 2996; x_wconf 88' lang='grc' dir='ltr'>τρεψε·</span> <span class='ocrx_word' id='word_1_199' title='bbox 1018 2908 1120 2973; x_wconf 86' lang='grc' dir='ltr'>καὶ</span> <span class='ocrx_word' id='word_1_200' title='bbox 1172 2906 1521 2975; x_wconf 72' lang='grc' dir='ltr'>τούντεῦθεν</span> <span class='ocrx_word' id='word_1_201' title='bbox 1566 2909 1927 2996; x_wconf 81' lang='grc' dir='ltr'>ἐλευθερίως</span> <span class='ocrx_word' id='word_1_202' title='bbox 1985 2906 2358 2996; x_wconf 81' lang='grc' dir='ltr'>ἐφιλοσόφει.</span> <span class='ocrx_word' id='word_1_203' title='bbox 2439 2904 2802 2995; x_wconf 80' lang='grc' dir='ltr'>Ἱερώνυμος</span> <span class='ocrx_word' id='word_1_204' title='bbox 2864 2910 2926 2971; x_wconf 84' lang='grc' dir='ltr'>δ’</span> <span class='ocrx_word' id='word_1_205' title='bbox 2987 2911 3062 2972; x_wconf 89' lang='grc' dir='ltr'>ἐν</span> <span class='ocrx_word' id='word_1_206' title='bbox 3125 2913 3222 2997; x_wconf 81' lang='grc' dir='ltr'>τῷ</span> <span class='ocrx_word' id='word_1_207' title='bbox 3279 2907 3455 2994; x_wconf 90' lang='grc' dir='ltr'>περὶ</span> 
     </span>
     <span class='ocr_line' id='line_1_22' title="bbox 767 3025 2314 3117; baseline -0.002 -22"><span class='ocrx_word' id='word_1_208' title='bbox 767 3035 1061 3117; x_wconf 85' lang='grc' dir='ltr'>ἐποχῆς</span> <span class='ocrx_word' id='word_1_209' title='bbox 1105 3025 1558 3115; x_wconf 78' lang='grc' dir='ltr'>καθαπτόμενος</span> <span class='ocrx_word' id='word_1_210' title='bbox 1605 3034 1816 3095; x_wconf 77' lang='grc' dir='ltr'>δοῦλον</span> <span class='ocrx_word' id='word_1_211' title='bbox 1865 3026 2043 3094; x_wconf 75' lang='grc' dir='ltr'>αὐτὸν</span> <span class='ocrx_word' id='word_1_212' title='bbox 2089 3027 2314 3115; x_wconf 86' lang='grc' dir='ltr'>εἴρηκε.</span> 
     </span>
     <span class='ocr_line' id='line_1_23' title="bbox 746 3130 3457 3238; baseline -0.003 -20"><span class='ocrx_word' id='word_1_213' title='bbox 746 3130 751 3133; x_wconf 26' lang='lat'>¹</span> <span class='ocrx_word' id='word_1_214' title='bbox 822 3200 825 3204; x_wconf 89' lang='lat'>-</span> <span class='ocrx_word' id='word_1_215' title='bbox 940 3152 1041 3218; x_wconf 83' lang='lat' dir='ltr'>Cf.</span> <span class='ocrx_word' id='word_1_216' title='bbox 1094 3153 1339 3218; x_wconf 86' lang='lat' dir='ltr'><strong>Preller</strong></span> <span class='ocrx_word' id='word_1_217' title='bbox 1382 3176 1646 3238; x_wconf 74' lang='lat' dir='ltr'><strong>ausyew.</strong></span> <span class='ocrx_word' id='word_1_218' title='bbox 1700 3154 1898 3236; x_wconf 69' lang='lat' dir='ltr'><strong><em>AufS.</em></strong></span> <span class='ocrx_word' id='word_1_219' title='bbox 1948 3173 2009 3235; x_wconf 88' lang='lat' dir='ltr'>p.</span> <span class='ocrx_word' id='word_1_220' title='bbox 2067 3153 2213 3215; x_wconf 80' lang='lat'><strong>364.</strong></span> <span class='ocrx_word' id='word_1_221' title='bbox 2270 3153 2389 3216; x_wconf 76' lang='lat'>367</span> <span class='ocrx_word' id='word_1_222' title='bbox 2439 3169 2534 3233; x_wconf 87' lang='lat' dir='ltr'><strong>sq.</strong></span> <span class='ocrx_word' id='word_1_223' title='bbox 2645 3150 2862 3215; x_wconf 88' lang='lat' dir='ltr'><strong>Zeller</strong></span> <span class='ocrx_word' id='word_1_224' title='bbox 2905 3150 3006 3213; x_wconf 79' lang='lat' dir='ltr'>die</span> <span class='ocrx_word' id='word_1_225' title='bbox 3051 3149 3295 3214; x_wconf 74' lang='lat' dir='ltr'>Philas.</span> <span class='ocrx_word' id='word_1_226' title='bbox 3346 3150 3457 3212; x_wconf 86' lang='lat' dir='ltr'>der</span> 
     </span>
     <span class='ocr_line' id='line_1_24' title="bbox 775 3274 2776 3359; baseline 0 -20"><span class='ocrx_word' id='word_1_227' title='bbox 775 3274 1087 3339; x_wconf 76' lang='lat' dir='ltr'>Griecken</span> <span class='ocrx_word' id='word_1_228' title='bbox 1128 3274 1194 3339; x_wconf 91' lang='grc' dir='ltr'>ΙΙ</span> <span class='ocrx_word' id='word_1_229' title='bbox 1245 3277 1308 3336; x_wconf 82' lang='grc'>13</span> <span class='ocrx_word' id='word_1_230' title='bbox 1350 3296 1418 3359; x_wconf 89' lang='lat' dir='ltr'>p.</span> <span class='ocrx_word' id='word_1_231' title='bbox 1473 3277 1616 3339; x_wconf 83' lang='lat'><strong>236.</strong></span> <span class='ocrx_word' id='word_1_232' title='bbox 2772 3277 2776 3279; x_wconf 72' lang='grc'><strong>’</strong></span> 
     </span>
    </p>
   </div>
   <div class='ocr_carea' id='block_1_4' title="bbox 772 3458 3471 4658">
    <p class='ocr_par' dir='ltr' id='par_1_4' title="bbox 772 3458 3464 3930">
     <span class='ocr_line' id='line_1_25' title="bbox 940 3458 3450 3566; baseline -0.002 -20"><span class='ocrx_word' id='word_1_233' title='bbox 940 3482 1027 3546; x_wconf 91' lang='lat' dir='ltr'>II.</span> <span class='ocrx_word' id='word_1_234' title='bbox 1076 3481 1225 3546; x_wconf 85' lang='lat' dir='ltr'><strong>Ath.</strong></span> <span class='ocrx_word' id='word_1_235' title='bbox 1279 3481 1374 3546; x_wconf 90' lang='lat' dir='ltr'>XI</span> <span class='ocrx_word' id='word_1_236' title='bbox 1419 3502 1485 3566; x_wconf 89' lang='lat' dir='ltr'>p.</span> <span class='ocrx_word' id='word_1_237' title='bbox 1538 3486 1661 3546; x_wconf 80' lang='lat'>499</span> <span class='ocrx_word' id='word_1_238' title='bbox 1708 3482 1761 3544; x_wconf 87' lang='lat' dir='ltr'><strong>F</strong></span> <span class='ocrx_word' id='word_1_239' title='bbox 1806 3477 1870 3543; x_wconf 85' lang='grc' dir='ltr'>τὸ</span> <span class='ocrx_word' id='word_1_240' title='bbox 1918 3478 1986 3543; x_wconf 82' lang='grc' dir='ltr'>δὲ</span> <span class='ocrx_word' id='word_1_241' title='bbox 2031 3474 2255 3566; x_wconf 90' lang='grc' dir='ltr'>σκύφος</span> <span class='ocrx_word' id='word_1_242' title='bbox 2301 3473 2626 3563; x_wconf 79' lang='grc' dir='ltr'>ὠνομάσθη</span> <span class='ocrx_word' id='word_1_243' title='bbox 2677 3474 2792 3541; x_wconf 79' lang='grc' dir='ltr'>ἀπὸ</span> <span class='ocrx_word' id='word_1_244' title='bbox 2835 3458 2945 3562; x_wconf 39' lang='grc' dir='ltr'>’τῆς</span> <span class='ocrx_word' id='word_1_245' title='bbox 2991 3479 3278 3563; x_wconf 82' lang='grc' dir='ltr'>σκαφίδος</span> <span class='ocrx_word' id='word_1_246' title='bbox 3323 3481 3450 3540; x_wconf 90' lang='grc' dir='ltr'>κτλ.</span> 
     </span>
     <span class='ocr_line' id='line_1_26' title="bbox 772 3594 3462 3690; baseline -0.002 -25"><span class='ocrx_word' id='word_1_247' title='bbox 772 3604 827 3665; x_wconf 83' lang='grc' dir='ltr'>εἰ</span> <span class='ocrx_word' id='word_1_248' title='bbox 874 3599 954 3687; x_wconf 85' lang='grc' dir='ltr'><strong>μή</strong></span> <span class='ocrx_word' id='word_1_249' title='bbox 1010 3598 1233 3690; x_wconf 88' lang='grc' dir='ltr'>σκύφος</span> <span class='ocrx_word' id='word_1_250' title='bbox 1293 3602 1419 3667; x_wconf 84' lang='grc' dir='ltr'>οἷον</span> <span class='ocrx_word' id='word_1_251' title='bbox 1479 3597 1698 3675; x_wconf 88' lang='grc' dir='ltr'>σκύθος</span> <span class='ocrx_word' id='word_1_252' title='bbox 1757 3627 1862 3681; x_wconf 89' lang='grc' dir='ltr'>τις,</span> <span class='ocrx_word' id='word_1_253' title='bbox 1920 3597 2019 3665; x_wconf 80' lang='grc' dir='ltr'>διὰ</span> <span class='ocrx_word' id='word_1_254' title='bbox 2062 3597 2127 3665; x_wconf 85' lang='grc' dir='ltr'>τὸ</span> <span class='ocrx_word' id='word_1_255' title='bbox 2187 3597 2323 3672; x_wconf 81' lang='grc' dir='ltr'>τούς</span> <span class='ocrx_word' id='word_1_256' title='bbox 2367 3594 2610 3671; x_wconf 88' lang='grc' dir='ltr'>Σκύθας</span> <span class='ocrx_word' id='word_1_257' title='bbox 2668 3600 3000 3685; x_wconf 87' lang='grc' dir='ltr'>περαιτέρω</span> <span class='ocrx_word' id='word_1_258' title='bbox 3061 3604 3165 3663; x_wconf 82' lang='grc' dir='ltr'>τοῦ</span> <span class='ocrx_word' id='word_1_259' title='bbox 3228 3598 3462 3668; x_wconf 83' lang='grc' dir='ltr'>δέοντος</span> 
     </span>
     <span class='ocr_line' id='line_1_27' title="bbox 774 3710 3464 3810; baseline -0.003 -22"><span class='ocrx_word' id='word_1_260' title='bbox 774 3718 1221 3807; x_wconf 84' lang='grc' dir='ltr'>μεθύσκεσθαι·</span> <span class='ocrx_word' id='word_1_261' title='bbox 1283 3720 1641 3810; x_wconf 79' lang='grc' dir='ltr'>Ἱερώνυμος</span> <span class='ocrx_word' id='word_1_262' title='bbox 1687 3722 1752 3787; x_wconf 85' lang='grc' dir='ltr'>δὲ</span> <span class='ocrx_word' id='word_1_263' title='bbox 1797 3718 2099 3793; x_wconf 78' lang='grc' dir='ltr'>ὃῬόὸιος</span> <span class='ocrx_word' id='word_1_264' title='bbox 2146 3725 2221 3785; x_wconf 87' lang='grc' dir='ltr'>ἐν</span> <span class='ocrx_word' id='word_1_265' title='bbox 2269 3725 2369 3806; x_wconf 83' lang='grc' dir='ltr'>τῷ</span> <span class='ocrx_word' id='word_1_266' title='bbox 2410 3719 2589 3805; x_wconf 85' lang='grc' dir='ltr'>περὶ</span> <span class='ocrx_word' id='word_1_267' title='bbox 2638 3719 2882 3803; x_wconf 85' lang='grc' dir='ltr'>μέθης</span> <span class='ocrx_word' id='word_1_268' title='bbox 2942 3716 3045 3781; x_wconf 88' lang='grc' dir='ltr'>καὶ</span> <span class='ocrx_word' id='word_1_269' title='bbox 3091 3714 3155 3781; x_wconf 85' lang='grc' dir='ltr'>τὸ</span> <span class='ocrx_word' id='word_1_270' title='bbox 3204 3710 3464 3803; x_wconf 75' lang='grc' dir='ltr'>μεθύσαι</span> 
     </span>
     <span class='ocr_line' id='line_1_28' title="bbox 776 3835 3389 3930; baseline -0.003 -23"><span class='ocrx_word' id='word_1_271' title='bbox 776 3843 1056 3910; x_wconf 90' lang='grc' dir='ltr'>σκυθίσαι</span> <span class='ocrx_word' id='word_1_272' title='bbox 1110 3846 1212 3929; x_wconf 86' lang='lat' dir='ltr'>(an</span> <span class='ocrx_word' id='word_1_273' title='bbox 1257 3846 1543 3930; x_wconf 81' lang='grc' dir='ltr'>λέγεσθαι</span> <span class='ocrx_word' id='word_1_274' title='bbox 1587 3842 2018 3925; x_wconf 69' lang='lat' dir='ltr'><strong>addendum⁴?)</strong></span> <span class='ocrx_word' id='word_1_275' title='bbox 2077 3841 2263 3927; x_wconf 82' lang='grc' dir='ltr'>φησί·</span> <span class='ocrx_word' id='word_1_276' title='bbox 2315 3839 2591 3926; x_wconf 81' lang='grc' dir='ltr'>συγγενὲς</span> <span class='ocrx_word' id='word_1_277' title='bbox 2637 3836 2750 3926; x_wconf 80' lang='grc' dir='ltr'>γὰρ</span> <span class='ocrx_word' id='word_1_278' title='bbox 2797 3837 2953 3903; x_wconf 84' lang='grc' dir='ltr'>εἶναι</span> <span class='ocrx_word' id='word_1_279' title='bbox 2996 3842 3081 3926; x_wconf 80' lang='grc' dir='ltr'>τῷ</span> <span class='ocrx_word' id='word_1_280' title='bbox 3127 3864 3170 3925; x_wconf 90' lang='grc' dir='ltr'>φ</span> <span class='ocrx_word' id='word_1_281' title='bbox 3216 3835 3281 3902; x_wconf 83' lang='grc' dir='ltr'>τὸ</span> <span class='ocrx_word' id='word_1_282' title='bbox 3329 3838 3389 3901; x_wconf 89' lang='grc' dir='ltr'>θ.</span> 
     </span>
    </p>

    <p class='ocr_par' dir='ltr' id='par_1_5' title="bbox 773 3955 3471 4658">
     <span class='ocr_line' id='line_1_29' title="bbox 944 3955 3462 4047; baseline -0.004 -16"><span class='ocrx_word' id='word_1_283' title='bbox 944 3966 1046 4031; x_wconf 84' lang='lat' dir='ltr'>Of.</span> <span class='ocrx_word' id='word_1_284' title='bbox 1094 3966 1454 4032; x_wconf 80' lang='lat' dir='ltr'><strong>Herodotus</strong></span> <span class='ocrx_word' id='word_1_285' title='bbox 1497 3966 1586 4031; x_wconf 93' lang='lat' dir='ltr'>VI</span> <span class='ocrx_word' id='word_1_286' title='bbox 1630 3969 1709 4029; x_wconf 81' lang='lat'>84</span> <span class='ocrx_word' id='word_1_287' title='bbox 1760 3963 2112 4047; x_wconf 85' lang='grc' dir='ltr'>Κλεομένεα</span> <span class='ocrx_word' id='word_1_288' title='bbox 2157 3961 2224 4026; x_wconf 85' lang='grc' dir='ltr'>δὲ</span> <span class='ocrx_word' id='word_1_289' title='bbox 2268 3963 2510 4047; x_wconf 77' lang='grc' dir='ltr'>λέγουσι</span> <span class='ocrx_word' id='word_1_290' title='bbox 2559 3955 2822 4045; x_wconf 84' lang='grc' dir='ltr'>ἡκόντων</span> <span class='ocrx_word' id='word_1_291' title='bbox 2876 3964 2986 4023; x_wconf 87' lang='grc' dir='ltr'>τῶν</span> <span class='ocrx_word' id='word_1_292' title='bbox 3032 3958 3316 4023; x_wconf 87' lang='grc' dir='ltr'>Σκυθέων</span> <span class='ocrx_word' id='word_1_293' title='bbox 3364 3956 3462 4022; x_wconf 88' lang='grc' dir='ltr'>ἐπὶ</span> 
     </span>
     <span class='ocr_line' id='line_1_30' title="bbox 773 4074 3465 4173; baseline -0.004 -23"><span class='ocrx_word' id='word_1_294' title='bbox 773 4091 960 4151; x_wconf 76' lang='grc' dir='ltr'>ταῦτα</span> <span class='ocrx_word' id='word_1_295' title='bbox 1005 4082 1265 4170; x_wconf 68' lang='grc' dir='ltr'>ὁμιλέειν</span> <span class='ocrx_word' id='word_1_296' title='bbox 1312 4113 1418 4173; x_wconf 89' lang='grc' dir='ltr'>σφι</span> <span class='ocrx_word' id='word_1_297' title='bbox 1462 4084 1745 4170; x_wconf 77' lang='grc' dir='ltr'>μεζόνως,</span> <span class='ocrx_word' id='word_1_298' title='bbox 1798 4081 2119 4169; x_wconf 75' lang='grc' dir='ltr'>ὁμιλέοντα</span> <span class='ocrx_word' id='word_1_299' title='bbox 2165 4082 2230 4147; x_wconf 83' lang='grc' dir='ltr'>δὲ</span> <span class='ocrx_word' id='word_1_300' title='bbox 2290 4086 2514 4166; x_wconf 80' lang='grc' dir='ltr'>μᾶλλον</span> <span class='ocrx_word' id='word_1_301' title='bbox 2561 4084 2666 4144; x_wconf 79' lang='grc' dir='ltr'>τοῦ</span> <span class='ocrx_word' id='word_1_302' title='bbox 2713 4082 3053 4165; x_wconf 81' lang='grc' dir='ltr'>ἱκνεομένου</span> <span class='ocrx_word' id='word_1_303' title='bbox 3101 4081 3314 4164; x_wconf 83' lang='grc' dir='ltr'>μαθεῖν</span> <span class='ocrx_word' id='word_1_304' title='bbox 3357 4074 3465 4162; x_wconf 73' lang='grc' dir='ltr'>τὴν</span> 
     </span>
     <span class='ocr_line' id='line_1_31' title="bbox 778 4199 3458 4295; baseline -0.004 -24"><span class='ocrx_word' id='word_1_305' title='bbox 778 4204 1218 4293; x_wconf 82' lang='grc' dir='ltr'>ἀκρητοποσίην</span> <span class='ocrx_word' id='word_1_306' title='bbox 1261 4204 1406 4295; x_wconf 84' lang='grc' dir='ltr'>παρ’</span> <span class='ocrx_word' id='word_1_307' title='bbox 1448 4202 1673 4273; x_wconf 78' lang='grc' dir='ltr'>αὐτῶν·</span> <span class='ocrx_word' id='word_1_308' title='bbox 1727 4210 1794 4272; x_wconf 89' lang='grc' dir='ltr'>ἐκ</span> <span class='ocrx_word' id='word_1_309' title='bbox 1838 4201 2048 4270; x_wconf 89' lang='grc' dir='ltr'>τούτου</span> <span class='ocrx_word' id='word_1_310' title='bbox 2096 4203 2161 4268; x_wconf 83' lang='grc' dir='ltr'>δὲ</span> <span class='ocrx_word' id='word_1_311' title='bbox 2223 4204 2485 4287; x_wconf 82' lang='grc' dir='ltr'>μανῆναί</span> <span class='ocrx_word' id='word_1_312' title='bbox 2547 4225 2642 4285; x_wconf 92' lang='grc' dir='ltr'>μιν</span> <span class='ocrx_word' id='word_1_313' title='bbox 2702 4199 3008 4283; x_wconf 76' lang='grc' dir='ltr'>νομίζουσι</span> <span class='ocrx_word' id='word_1_314' title='bbox 3069 4200 3458 4284; x_wconf 84' lang='grc' dir='ltr'>Σπαρτιῆται.</span> 
     </span>
     <span class='ocr_line' id='line_1_32' title="bbox 775 4314 3471 4412; baseline -0.003 -21"><span class='ocrx_word' id='word_1_315' title='bbox 775 4327 845 4391; x_wconf 86' lang='grc' dir='ltr'>ἔκ</span> <span class='ocrx_word' id='word_1_316' title='bbox 901 4354 964 4393; x_wconf 91' lang='grc' dir='ltr'>τε</span> <span class='ocrx_word' id='word_1_317' title='bbox 1009 4325 1209 4412; x_wconf 86' lang='grc' dir='ltr'>τόσου,</span> <span class='ocrx_word' id='word_1_318' title='bbox 1262 4325 1345 4401; x_wconf 82' lang='grc' dir='ltr'>ὡς</span> <span class='ocrx_word' id='word_1_319' title='bbox 1391 4326 1560 4393; x_wconf 78' lang='grc' dir='ltr'>αὐτοὶ</span> <span class='ocrx_word' id='word_1_320' title='bbox 1606 4330 1867 4412; x_wconf 85' lang='grc' dir='ltr'>λέγουσι,</span> <span class='ocrx_word' id='word_1_321' title='bbox 1934 4321 2112 4389; x_wconf 78' lang='grc' dir='ltr'>ἐπεὰν</span> <span class='ocrx_word' id='word_1_322' title='bbox 2161 4321 2486 4409; x_wconf 76' lang='grc' dir='ltr'>ζωρότερον</span> <span class='ocrx_word' id='word_1_323' title='bbox 2537 4316 2870 4407; x_wconf 87' lang='grc' dir='ltr'>βούλωνται</span> <span class='ocrx_word' id='word_1_324' title='bbox 2929 4321 3107 4399; x_wconf 80' lang='grc' dir='ltr'>πιεῖν,</span> <span class='ocrx_word' id='word_1_325' title='bbox 3185 4314 3471 4383; x_wconf 66' lang='grc' dir='ltr'>ιἐπισκύ-</span> 
     </span>
     <span class='ocr_line' id='line_1_33' title="bbox 779 4432 3467 4535; baseline -0.004 -20"><span class='ocrx_word' id='word_1_326' title='bbox 779 4450 979 4515; x_wconf 83' lang='grc' dir='ltr'>θισον’</span> <span class='ocrx_word' id='word_1_327' title='bbox 1026 4452 1284 4535; x_wconf 80' lang='grc' dir='ltr'>λέγουσι.</span> <span class='ocrx_word' id='word_1_328' title='bbox 1382 4450 1531 4515; x_wconf 84' lang='lat' dir='ltr'><strong>Ath.</strong></span> <span class='ocrx_word' id='word_1_329' title='bbox 1593 4450 1656 4514; x_wconf 90' lang='lat' dir='ltr'>X</span> <span class='ocrx_word' id='word_1_330' title='bbox 1701 4470 1765 4533; x_wconf 88' lang='lat' dir='ltr'>p.</span> <span class='ocrx_word' id='word_1_331' title='bbox 1820 4451 1939 4510; x_wconf 73' lang='lat'>427</span> <span class='ocrx_word' id='word_1_332' title='bbox 1990 4446 2043 4509; x_wconf 94' lang='grc' dir='ltr'><strong>Β</strong></span> <span class='ocrx_word' id='word_1_333' title='bbox 2087 4443 2190 4508; x_wconf 86' lang='grc' dir='ltr'>καὶ</span> <span class='ocrx_word' id='word_1_334' title='bbox 2251 4437 2716 4527; x_wconf 83' lang='grc' dir='ltr'>Λακεδαιμόνιοι</span> <span class='ocrx_word' id='word_1_335' title='bbox 2775 4438 2864 4521; x_wconf 84' lang='grc' dir='ltr'>δ’,</span> <span class='ocrx_word' id='word_1_336' title='bbox 2919 4432 3000 4513; x_wconf 81' lang='grc' dir='ltr'>ὥς</span> <span class='ocrx_word' id='word_1_337' title='bbox 3057 4465 3238 4526; x_wconf 89' lang='grc' dir='ltr'>φησιν</span> <span class='ocrx_word' id='word_1_338' title='bbox 3272 4435 3467 4525; x_wconf 64' lang='grc' dir='ltr'>εΗρό-</span> 
     </span>
     <span class='ocr_line' id='line_1_34' title="bbox 782 4557 3468 4658; baseline -0.006 -21"><span class='ocrx_word' id='word_1_339' title='bbox 782 4576 951 4644; x_wconf 88' lang='grc' dir='ltr'>δοτος</span> <span class='ocrx_word' id='word_1_340' title='bbox 996 4573 1057 4635; x_wconf 97' lang='grc' dir='ltr'>ἐν</span> <span class='ocrx_word' id='word_1_341' title='bbox 1104 4578 1177 4658; x_wconf 82' lang='grc' dir='ltr'>τῇ</span> <span class='ocrx_word' id='word_1_342' title='bbox 1236 4572 1403 4658; x_wconf 81' lang='grc' dir='ltr'>ἕκτῃ,</span> <span class='ocrx_word' id='word_1_343' title='bbox 1454 4569 1769 4655; x_wconf 86' lang='grc' dir='ltr'>Κλεομένη</span> <span class='ocrx_word' id='word_1_344' title='bbox 1816 4564 1914 4632; x_wconf 87' lang='grc' dir='ltr'>τὸν</span> <span class='ocrx_word' id='word_1_345' title='bbox 1977 4566 2232 4652; x_wconf 85' lang='grc' dir='ltr'>βασιλέα</span> <span class='ocrx_word' id='word_1_346' title='bbox 2288 4558 2552 4635; x_wconf 87' lang='grc' dir='ltr'>Σκύθαις</span> <span class='ocrx_word' id='word_1_347' title='bbox 2610 4558 2983 4647; x_wconf 78' lang='grc' dir='ltr'>ὁμιλήσαντα</span> <span class='ocrx_word' id='word_1_348' title='bbox 3040 4560 3142 4624; x_wconf 83' lang='grc' dir='ltr'>καὶ</span> <span class='ocrx_word' id='word_1_349' title='bbox 3200 4557 3468 4646; x_wconf 83' lang='grc' dir='ltr'>ἀκρατο-</span> 
     </span>
    </p>
   </div>
   <div class='ocr_carea' id='block_1_5' title="bbox 779 4676 3466 4781">
    <p class='ocr_par' dir='ltr' id='par_1_6' title="bbox 779 4676 3466 4781">
     <span class='ocr_line' id='line_1_35' title="bbox 779 4676 3466 4781; baseline -0.006 -23"><span class='ocrx_word' id='word_1_350' title='bbox 779 4688 966 4781; x_wconf 86' lang='grc' dir='ltr'>πότην</span> <span class='ocrx_word' id='word_1_351' title='bbox 1023 4688 1337 4780; x_wconf 80' lang='grc' dir='ltr'>γενόμενον</span> <span class='ocrx_word' id='word_1_352' title='bbox 1398 4696 1466 4760; x_wconf 88' lang='grc' dir='ltr'>ἐκ</span> <span class='ocrx_word' id='word_1_353' title='bbox 1524 4697 1629 4779; x_wconf 80' lang='grc' dir='ltr'>τῆς</span> <span class='ocrx_word' id='word_1_354' title='bbox 1688 4689 1877 4777; x_wconf 85' lang='grc' dir='ltr'>μέθης</span> <span class='ocrx_word' id='word_1_355' title='bbox 1939 4684 2084 4777; x_wconf 82' lang='grc' dir='ltr'>φασὶ</span> <span class='ocrx_word' id='word_1_356' title='bbox 2141 4690 2424 4772; x_wconf 82' lang='grc' dir='ltr'>μανῆναι.</span> <span class='ocrx_word' id='word_1_357' title='bbox 2531 4682 2634 4747; x_wconf 84' lang='grc' dir='ltr'>καὶ</span> <span class='ocrx_word' id='word_1_358' title='bbox 2695 4678 2862 4747; x_wconf 74' lang='grc' dir='ltr'>αὐτοὶ</span> <span class='ocrx_word' id='word_1_359' title='bbox 2921 4678 2977 4746; x_wconf 84' lang='grc' dir='ltr'>δ’</span> <span class='ocrx_word' id='word_1_360' title='bbox 3045 4682 3102 4743; x_wconf 84' lang='grc' dir='ltr'>οἱ</span> <span class='ocrx_word' id='word_1_361' title='bbox 3161 4676 3466 4762; x_wconf 80' lang='grc' dir='ltr'>Λάκωνες,</span> 
     </span>
    </p>
   </div>
  </div>
 </body>
</html>
