3785 5187
782 312 855 374 10
1927 314 1994 367 E.
2035 314 2314 369 HILLER

776 501 965 566 Delio
1021 500 1137 566 illo
1193 503 1361 584 quod
1419 502 1793 568 Marathone
1853 503 2052 568 fuisse
2112 503 2348 568 scimus
2417 504 2724 588 (Philoch.
2791 503 2966 588 apud
3011 505 3210 570 schol.
3264 504 3464 589 Soph.

776 621 935 688 Oed.
977 621 1112 689 Col.
1161 627 1343 686 1047.
1425 623 1672 688 Preller
1713 615 2076 688 Polemonis
2121 623 2351 706 fragm.
2403 646 2466 709 p.
2516 627 2680 707 120);
2739 645 2906 707 quae
2952 625 3008 689 si
3038 625 3472 709 Theophrasti

776 742 1005 807 fuisset
1050 744 1399 825 sententia,
1467 744 1575 808 vix
1635 745 1957 810 omisisset
1997 764 2228 808 nomen
2273 745 2694 810 Marathonis.
2787 746 2925 829 Ego
2970 746 3052 811 de
3099 747 3221 811 hac
3263 767 3332 812 re
3375 747 3471 812 ita

776 864 1001 930 sentio.
1123 863 1533 945 Significatur
1598 886 1639 929 a
1703 865 2148 949 Theophrasto
2221 865 2705 932 celeberrimum
2773 867 3090 950 Apollinis
3154 868 3468 951 templum

778 986 948 1067 quod
1006 985 1127 1049 fuit
1186 985 1367 1064 Deli;
1436 987 1808 1050 saltatorum
1867 991 2081 1049 autem
2141 986 2574 1070 appellatione
2635 986 2966 1053 dicebatur
3021 1006 3187 1052 unus
3245 1009 3326 1052 ex
3381 988 3468 1052 iis

777 1106 986 1171 choris
1045 1125 1206 1188 quos
1253 1105 1679 1171 Athenienses
1736 1107 1971 1172 Delum
2030 1106 2279 1171 mittere
2339 1106 2559 1172 solitos
2621 1126 2765 1172 esse
2824 1127 3010 1172 nemo
3066 1108 3323 1191 ignorat
3375 1111 3459 1191 (v.

778 1226 982 1291 Thuc.
1020 1227 1117 1290 III
1155 1231 1296 1290 104.
1377 1227 1679 1310 Xenoph.
1731 1227 1993 1291 Memor.
2033 1226 2131 1290 III
2163 1229 2222 1308 3,
2267 1230 2366 1290 12.
2437 1227 2605 1291 Plut.
2656 1227 2797 1292 Nic.
2841 1231 2897 1292 3.
2975 1229 3218 1312 Corpus
3262 1228 3464 1294 inser.

779 1347 891 1412 Gr.
947 1349 1116 1427 158);
1190 1347 1533 1432 Euripides
1600 1367 1749 1412 vero
1809 1347 2252 1431 Theophrasto
2318 1353 2594 1412 testante
2659 1348 2878 1434 vinum
2944 1349 3028 1414 iis
3085 1350 3475 1416 ministravit

777 1469 1066 1548 Athenis,
1122 1488 1197 1532 eo
1241 1468 1540 1532 nimirum
1584 1475 1867 1552 tempore
1914 1488 2037 1549 quo
2083 1489 2124 1532 a
2167 1467 2471 1549 magistro
2517 1475 2857 1552 antequam
2900 1470 3136 1535 Delum
3179 1471 3476 1555 proficis-

778 1596 1070 1654 cerentur
1099 1589 1365 1654 choreas
1396 1588 1845 1654 edocebantur.
1929 1589 2155 1653 Restat
2184 1596 2253 1652 ut
2284 1588 2366 1653 de
2410 1589 2748 1672 postremis
2779 1589 3208 1674 Theophrasti
3250 1591 3474 1656 verbis

779 1730 985 1794 pauca
1028 1710 1285 1775 addam.
1383 1711 1457 1773 In
1503 1709 1603 1774 his
1647 1730 1773 1773 non
1818 1715 1991 1775 recte
2038 1709 2489 1774 Casaubonum
2549 1707 2784 1796 γραφήν
2845 1731 2959 1794 pro
3017 1712 3239 1776 tabula
3295 1712 3478 1796 picta

779 1831 1083 1896 habuisse
1128 1831 1237 1894 vix
1284 1837 1383 1896 est
1426 1831 1596 1913 quod
1640 1849 1965 1909 moneam;
2031 1829 2321 1894 libellum
2381 1828 2525 1916 hac,
2549 1850 2704 1895 voce
2751 1830 3101 1913 significari
3142 1834 3483 1917 perspexit

781 1954 1186 2018 Hermannus
1232 1952 1313 2017 de
1357 1951 1604 2016 theoria
1634 1949 1870 2035 Delph.
1922 1970 1984 2033 p.
2027 1952 2084 2013 7.
2165 1951 2241 2013 In
2287 1969 2361 2014 eo
2404 1956 2621 2015 tamen
2664 1952 3029 2016 Hermanno
3071 1968 3197 2016 non
3240 1970 3480 2016 assen—

777 2073 917 2151 tior,
971 2073 1142 2156 quod
1187 2072 1417 2137 litteris
1463 2072 1835 2136 mandatum
1880 2070 2081 2135 fuisse
2127 2069 2394 2152 censuit,
2447 2071 2811 2155 Apollinem
2857 2071 3130 2137 eundem
3176 2091 3318 2138 esse
3366 2073 3479 2138 cui

780 2193 1134 2276 Thargelia
1177 2163 1544 2276 agerentur.
1637 2193 1804 2256 Nam
1866 2191 2097 2256 mirum
2155 2191 2437 2275 profecto
2495 2197 2699 2273 esset,
2767 2191 2822 2256 si
2868 2192 3348 2277 Theophrastus
3399 2201 3484 2260 ut

779 2316 974 2379 talem
1034 2335 1166 2379 rem
1226 2315 1663 2398 comprobaret
1722 2311 2224 2378 commentarioli
2278 2311 2611 2377 cuiusdam
2667 2313 3038 2395 perobscuri
3081 2315 3192 2397 qui
3231 2315 3298 2378 in
3343 2336 3482 2380 uno

780 2457 861 2501 ex
898 2435 1247 2500 minoribus
1292 2434 1463 2499 fanis
1508 2434 2004 2498 conservabatur
2045 2431 2478 2497 testimonium
2511 2431 2854 2498 attulisset.
2934 2433 3080 2498 Mea
3124 2433 3470 2517 sententia,

781 2556 834 2621 si
881 2555 1138 2640 quidem
1193 2561 1363 2621 recte
1408 2553 1916 2621 Valckenaerius
1963 2555 2231 2637 Φλυῆσιν
2291 2551 2657 2638 reposuisse
2717 2533 3079 2620 censendus
3139 2561 3264 2637 est,
3330 2555 3477 2643 περὶ

780 2674 1001 2744 τούτων
1047 2697 1172 2742 non
1218 2677 1303 2741 ad
1346 2677 1462 2742 illa
1504 2673 1535 2741 ὃ
1584 2676 1649 2740 δὲ
1686 2672 1986 2740 Ἀπόλλων
2031 2679 2158 2738 κτλ.
2229 2679 2476 2759 spectat
2519 2695 2560 2738 a
2603 2674 3045 2759 Theophrasto
3086 2677 3154 2742 in
3198 2678 3480 2743 transitu

779 2798 1177 2883 interposita,
1230 2798 1347 2863 sed
1392 2799 1476 2864 ad
1522 2818 1599 2863 ea
1644 2819 1807 2881 quae
1853 2802 2046 2861 antea
2090 2795 2172 2860 de
2201 2793 2509 2878 Euripide
2552 2795 2848 2874 tradidit;
2900 2796 2957 2861 is
2989 2797 3157 2862 enim
3191 2818 3272 2863 ex
3300 2818 3481 2882 pago

782 2920 1200 3003 Phlyensium
1259 2919 1564 2985 oriundus
1623 2924 1779 2984 erat.
1875 2918 2334 3004 Δαφνηφορεῖον
2394 2916 2485 2980 ibi
2547 2915 2739 2981 situm
2799 2916 3150 2983 Bursianus
3207 2920 3472 3003 (Geoyr.

782 3065 899 3105 von
938 3040 1406 3104 Griechenland
1444 3040 1475 3103 I
1505 3061 1568 3123 p.
1610 3041 1751 3119 348)
1807 3060 1936 3104 non
1980 3038 2303 3103 diversum
2351 3055 2494 3102 esse
2539 3042 2722 3121 putat
2759 3038 2840 3102 ab
2888 3056 2962 3101 eo
3005 3039 3244 3122 templo
3289 3040 3482 3104 cuius

782 3161 1140 3227 Pausanias
1184 3160 1287 3225 his
1332 3160 1547 3226 verbis
1578 3158 1963 3225 mentionem
2008 3158 2196 3223 facit:
2289 3159 2558 3222 Φλυεῦσι
2602 3157 2669 3221 δέ
2714 3158 2831 3221 εἰσι
2874 3156 2977 3221 καὶ
3009 3156 3480 3245 Μυρρινουσίοις

782 3285 903 3355 τοῖς
952 3282 1055 3367 μὲν
1096 3277 1461 3353 ’Λπόλλωνος
1507 3275 1938 3344 Διονυσοδότου
1994 3277 2097 3343 καὶ
2134 3276 2470 3365 Ἀρτέμιδος
2524 3274 2898 3364 σελασφόρου
2949 3277 3138 3365 βωμοὶ
3184 3276 3484 3346 Διονύσου

785 3429 849 3468 τε
887 3402 1122 3468 Ἀνθίου
1182 3401 1285 3467 καὶ
1333 3401 1603 3488 Νυμφῶν
1655 3398 2005 3485 Ἰσμηνίδων
2067 3399 2168 3464 καὶ
2229 3398 2349 3485 Γῆς
2407 3391 2484 3485 ἢν
2546 3394 2810 3485 μεγάλην
2871 3397 3012 3464 θεὸν
3070 3396 3475 3485 ὀνομάζουσι·

785 3522 925 3597 ναὸς
974 3523 1038 3588 δὲ
1084 3526 1298 3611 ἕτερος,
1325 3522 1457 3609 ἔχει
1506 3516 1743 3609 βωμούς
1787 3527 1914 3586 κτλ.
1975 3522 2026 3604 (I
2058 3524 2160 3603 31,
2201 3525 2291 3603 4).

955 3768 1065 3832 1V.
1118 3766 1352 3831 Suidas
1384 3784 1438 3829 s.
1466 3785 1528 3828 v.
1559 3760 1982 3850 Ἀναγυράσιος
2017 3762 2242 3845 (descr.
2279 3762 2650 3845 Apostolius
2679 3763 2776 3826 IX
2811 3765 2925 3841 79;
2972 3762 3053 3827 cf.
3092 3763 3484 3848 Bernhardy

786 3888 873 3954 ad
917 3886 1097 3953 Suid.
1149 3907 1209 3950 v.
1264 3886 1741 3971 ἐγκατελέγησαν
1803 3883 2008 3968 λίθοι);
2073 3878 2260 3967 δῆμός
2320 3885 2476 3947 ἐστιν
2522 3878 2875 3969 Ἀναγυροῦς
2930 3887 3058 3947 κτλ.
3152 3881 3252 3947 καὶ
3300 3880 3488 3948 Ἀνα-

785 4004 1063 4094 γυράσιος
1128 4007 1377 4091 δαίμων.
1486 4004 1588 4069 καὶ
1644 4006 1885 4090 τέμενος
1939 3999 2262 4090 Ἀναγύρου
2331 4007 2393 4068 ἐν
2459 4010 2544 4091 τῷ
2605 4000 2778 4091 δήμῳ
2837 4008 2955 4069 τῶν
3007 3999 3478 4091 Ἀναγυρασίων.
3543 4086 3552 4093 .

794 4130 994 4213 [Quae
1040 4133 1390 4211 sequuntur
1434 4122 1857 4213 Ἀναγυράσιος
1915 4125 2166 4209 δαίμων,
2235 4122 2361 4188 ἐπεὶ
2411 4121 2509 4189 τὸν
2553 4129 2954 4211 παροικοῦντα
2996 4121 3327 4210 πρεσβύτην
3373 4124 3488 4189 καὶ

786 4251 1140 4335 ἐκτέμνοντα
1185 4246 1250 4313 τὸ
1298 4241 1478 4321 ἄλσος
1524 4243 1936 4333 ἐτιμωρήσατο
1975 4241 2291 4330 Ἀνάγυρος
2337 4240 2534 4331 ἥρως·
2586 4242 3002 4331 Ἀναγυράσιοι
3057 4246 3266 4329 (immo
3307 4241 3490 4311 Ἀνα-

785 4372 1017 4459 γυροῦς)
1082 4369 1155 4434 ’δὲ
1216 4373 1403 4455 δῆμος
1460 4374 1566 4453 τῆς
1606 4364 1865 4452 Ἀττικῆς
1927 4387 2234 4432 conexum
2279 4366 2615 4431 verborum
2658 4366 3172 4451 interrumpunt.]
3267 4364 3488 4432 τούτου

785 4495 852 4558 δέ
897 4518 983 4565 τις
1028 4492 1270 4577 ἐξέκοψε
1323 4486 1389 4554 τὸ
1436 4482 1637 4561 ἄλσος.
1735 4482 1767 4553 ὃ
1832 4487 1898 4552 δὲ
1955 4493 2040 4574 τῷ
2093 4488 2204 4573 υἱῷ
2251 4483 2433 4552 αὐτοῦ
2477 4487 2738 4571 ἐπέμηνε
2782 4483 2887 4571 τήν
2931 4484 3284 4572 παλλακήν,
3349 4480 3488 4572 ἥτις

788 4610 871 4700 μή
920 4613 1221 4697 δυναμένη
1268 4611 1589 4694 συμπεῖσαι
1631 4606 1729 4674 τὸν
1774 4611 1964 4672 παῖδα
2012 4609 2286 4693 διέβαλεν
2335 4605 2414 4679 ὡς
2462 4604 2686 4691 ἀσελγῆ
2733 4611 2818 4693 τῷ
2858 4606 3058 4693 πατρί.
3139 4605 3170 4671 ὃ
3219 4608 3284 4673 δὲ
3331 4606 3488 4693 ἐπή-

796 4728 982 4830 ρωσέ-..ι
1029 4728 1224 4825 ,αὐτὸν
1255 4728 1386 4811 «καὶ
1444 4725 2039 4817 ἐγκατῳκοδόμησεν.
2132 4727 2228 4792 ἐπὶ
2287 4724 2515 4800 τούτοις
2575 4726 2676 4791 καὶ
2722 4723 2753 4790 ὃ
2798 4722 2995 4813 πατὴρ
3041 4727 3250 4793 ἑαυτὸν
3299 4726 3494 4816 ἀνήρ-
