3785 5187
725 350 1148 406 HIERONYMI
1185 350 1451 405 RHODII
1489 347 2024 404 PERIPATETICI
2061 346 2529 404 FRAGMENTA
2890 347 2971 412 29
3096 316 3107 321 ·

289 542 397 624 qui
440 541 508 636 in
551 561 813 607 numero
859 561 1076 606 eorum
1125 540 1422 627 Satyrum
1467 541 1672 606 fuisse
1717 539 2136 625 probabiliter
2182 539 2419 605 statuit.
2518 539 2861 604 Praeterea
2906 559 2987 604 ex

287 661 623 746 plebiscito
694 663 776 726 ab
835 661 1225 746 Hieronymo
1291 663 1490 726 allato
1553 663 1784 745 elucet⁷
1846 662 2009 727 duas
2076 679 2309 725 uxores
2382 680 2585 742 aeque
2662 659 2988 742 legitimas
3072 660 3076 665 ’

290 782 534 846 Socrati
596 784 677 848 ab
737 801 812 847 60
872 803 999 847 11011
1061 802 1203 848 6666
1227 767 1571 861 ’1111)1113,6;
1640 803 1848 865 neque
1907 782 2096 846 aliter
2150 781 2599 846 Aristoxenum
2659 780 2739 846 de
2792 801 2873 846 ea
2917 801 2983 844 re

291 902 630 986 scripsisse
689 903 823 968 veri
899 903 1105 967 simile
1175 910 1275 968 est
1330 911 1587 988 propter
1667 904 1864 968 verba
1918 901 2277 986 Porphyrii.
2380 903 2551 985 Ergo
2610 901 2985 966 Athenaeus

291 1043 431 1087 cum
477 1024 926 1089 Aristoxenum
975 1031 1040 1089 et
1083 1024 1384 1108 Satyrum
1432 1019 1538 1088 δύο
1583 1020 1925 1109 γαμετὰς
1972 1025 2346 1108 γυναῖκας
2394 1022 2639 1088 Socrati
2682 1022 2985 1087 tribuisse

288 1143 443 1209 dicit
487 1165 613 1208 non
659 1152 958 1210 accurate
1005 1145 1178 1227 loqui
1222 1145 1688 1210 existimandus
1735 1152 1864 1223 est;
1920 1164 2086 1227 quae
2132 1143 2493 1209 observatio
2538 1163 2662 1208 non
2706 1141 2985 1228 pertinet

287 1265 373 1328 ad
405 1279 544 1330 'eos
604 1266 774 1330 locos
835 1265 1065 1348 quibus
1125 1261 1230 1330 δύο
1288 1269 1661 1350 γυναῖκες
1703 1272 2313 1330 commemorantur.
2409 1264 2547 1342 Quo
2602 1265 2789 1328 modo
2847 1270 2985 1328 orta

289 1392 462 1450 esset
503 1363 728 1484 fabula
771 1387 852 1450 ab
898 1387 1281 1451 Aristoxeno
1325 1388 1550 1468 relata,
1617 1387 1967 1452 rationibus
2014 1386 2170 1451 satis
2229 1385 2503 1450 diversis
2549 1385 2717 1449 viros
2764 1385 2981 1449 doctos

289 1507 716 1590 explicavisse
782 1515 1000 1571 notum
1073 1514 1201 1585 est;
1285 1528 1492 1573 meam
1569 1509 1649 1572 de
1722 1506 1842 1571 hac
1913 1527 1981 1571 re
2038 1506 2419 1572 sententiam
2480 1525 2797 1590 exponere
2856 1526 2980 1569 non

289 1626 478 1691 huius
537 1628 660 1692 loci
719 1647 862 1692 esse
920 1628 1220 1692 arbitror:
1271 1629 1545 1711 pertinet
1599 1628 1766 1692 enim
1823 1648 1903 1691 ea
1946 1627 2237 1710 quaestio
2281 1647 2405 1690 non
2452 1633 2580 1691 tam
2626 1625 2711 1691 ad
2755 1627 2983 1690 Hiero-

293 1767 555 1829 nymum
600 1749 971 1813 Aristoxeni
1017 1757 1395 1814 sectatorem
1455 1770 1646 1832 quam
1704 1748 1789 1813 ad
1836 1748 2203 1813 Aristoxeni
2247 1748 2563 1830 simulque
2609 1747 2695 1812 ad
2741 1731 2980 1829 dialogi

289 1867 368 1931 de
415 1868 747 1934 nobilitate
792 1870 1101 1953 reliquias
1144 1870 1514 1935 tractandas
1559 1876 1750 1952 atque
1793 1868 2328 1952 interpretandas.

457 1989 869 2055 Plebiscitum
924 1989 1153 2056 autem‘
1184 1991 1428 2074 primus
1476 1989 1814 2074 protulisse
1859 1989 2116 2054 videtur
2145 1989 2573 2072 Hieronymus
2620 2010 2807 2072 quem
2856 1989 2992 2054 Sa-

284 2116 465 2191 tyrus
523 2119 778 2176 secutus
825 2119 954 2190 est;
1016 2112 1102 2176 ad
1163 2111 1332 2177 hunc
1375 2111 1614 2176 fontem
1677 2109 2015 2175 referenda
2076 2116 2224 2175 sunt
2279 2110 2473 2175 etiam
2520 2110 2717 2175 Gellii
2778 2112 2975 2175 verba

299 2229 458 2311 (XV,
526 2234 626 2313 20)
697 2233 826 2295 sive
883 2235 1051 2316 quod
1119 2235 1275 2296 duas
1333 2233 1524 2296 simul
1589 2254 1812 2301 uxores
1859 2231 2167 2294 habuerat
2232 2231 2616 2314 (Euripides)
2682 2253 2841 2294 cum
2896 2231 2924 2292 i
2935 2231 2983 2292 d

284 2350 598 2413 decreto
661 2355 747 2415 ab
809 2353 1439 2416 Atheniensibus
1476 2353 1719 2436 sacto
1780 2353 1903 2414 ius
1960 2361 2187 2415 esset.
2292 2351 2389 2416 De
2448 2351 2768 2436 plebisciti
2826 2371 2977 2416 sen-

288 2471 490 2535 tentia
535 2473 830 2538 Laertius
876 2494 996 2539 nec
1038 2477 1228 2559 plene
1283 2493 1402 2552 nec
1461 2473 1742 2538 dilucide
1788 2472 2087 2555 loquitur.
2184 2473 2505 2538 Omissum
2552 2480 2651 2537 est
2692 2473 2760 2538 id
2806 2473 2978 2554 quod

282 2593 646 2658 necessario
690 2595 1058 2660 addendum
1119 2596 1271 2661 fuit:
1342 2595 1559 2661 liberis
1607 2596 1666 2664 ἐξ
1713 2595 1920 2679 ἑτέρας
1965 2593 2203 2677 genitis
2249 2602 2423 2659 certa
2473 2593 2787 2677 quaedam
2834 2595 2975 2658 iura

284 2712 508 2790 tribui;
576 2714 647 2779 id
707 2715 876 2780 enim
923 2716 1050 2781 nisi
1095 2717 1486 2802 suppleatur,
1552 2734 1812 2799 prorsus
1857 2715 2193 2780 ridiculam
2242 2735 2385 2781 esse
2430 2715 2669 2781 decreti
2713 2688 2974 2781 senten-

287 2833 443 2897 tiam
491 2835 655 2901 bene
700 2837 1023 2902 intellexit
1051 2838 1365 2902 Luzacius
1397 2857 1462 2919 p.
1514 2840 1630 2913 79;
1685 2836 1767 2900 cf.
1806 2857 1932 2901 van
1963 2836 2089 2901 den
2117 2836 2206 2901 Es
2252 2837 2332 2901 de
2376 2837 2512 2901 iure
2542 2836 2741 2900 famil.
2798 2836 2974 2921 apud

280 2954 516 3019 Athen.
579 2977 642 3040 p.
697 2964 756 3021 4.
853 2959 1195 3023 Praeterea
1250 2978 1375 3022 non
1421 2958 1827 3042 perspicuum
1875 2964 2007 3037 est,
2061 2964 2268 3021 utrum
2329 2954 2606 3042 γυναικός
2659 2979 2743 3022 an
2788 2954 2971 3042 ἀστῆς

287 3074 372 3138 ad
429 3077 626 3141 verba
685 3080 744 3149 ἐξ
791 3080 998 3165 ἑτέρας
1058 3079 1441 3162 cogitatione
1501 3078 1655 3143 addi
1712 3078 2139 3162 Hieronymus
2183 3078 2487 3157 voluerit3
2548 3078 2633 3143 ad
2680 3098 2970 3163 compro-

279 3196 561 3260 bandum
621 3197 861 3283 duplex
921 3200 1202 3265 Socratis
1260 3200 1731 3265 matrimonium
1791 3206 2125 3281 utrumque
2184 3198 2476 3264 adhiberi
2534 3201 2759 3283 potuit,
2818 3199 2970 3283 quia

279 3316 694 3401 Xanthippen
740 3319 943 3384 civem
987 3320 1187 3386 fuisse
1231 3341 1418 3385 nemo
1456 3340 1732 3403 unquam
1780 3319 2063 3402 negavit.
2158 3319 2567 3385 Incredibilia
2610 3328 2759 3385 sunt
2801 3341 2965 3403 quae

161 3486 168 3493 .
280 3438 604 3503 Heusdius
665 3461 729 3523 p.
795 3444 918 3503 376
981 3461 1061 3506 ea
1118 3442 1198 3507 de
1245 3462 1313 3506 re
1374 3441 1698 3507 disseruit.
1807 3415 1962 3506 Sed·
1994 3441 2249 3523 gravior
2308 3448 2407 3507 est
2451 3441 2757 3524 quaestio,
2811 3440 2964 3525 quid

277 3559 531 3624 omnino
578 3558 657 3624 de
706 3539 958 3626 decreto
1002 3561 1115 3626 illo
1164 3562 1570 3627 statuendum
1619 3562 1722 3627 sit.
1816 3563 1910 3627 Ac
1957 3561 2230 3645 primum
2268 3562 2533 3645 ,quidem
2582 3561 2961 3627 monendum

275 3687 390 3759 est,
457 3687 714 3763 praeter
755 3682 1132 3765 Hieronymi
1193 3704 1535 3765 eorumque
1582 3684 1690 3766 qui
1735 3703 1878 3748 eum
1936 3684 2135 3771 secuti
2186 3690 2333 3748 sunt
2375 3683 2741 3749 testimonia
2783 3685 2965 3748 nulla

278 3820 423 3865 esse
469 3800 728 3884 indicia,
783 3822 863 3867 ex
910 3804 1138 3886 quibus
1185 3804 1497 3869 eiusmodi
1545 3805 1869 3870 decretum
1918 3804 2242 3870 exstitisse
2289 3805 2703 3888 probabiliter
2748 3805 2965 3887 colligi

273 3921 476 4003 possit
517 3922 684 4005 (nam
715 3923 1103 3989 Buermanni
1133 3927 1770 4007 argumentationem,
1809 3926 2035 3991 Jahrb.
2054 3927 2187 4009 fe'c'r
2216 3926 2292 3989 el.
2332 3926 2567 3989 Philol.
2610 3925 2831 4011 Suppl.
2862 3927 2962 3990 IX

271 4061 334 4123 p.
405 4045 550 4117 595,
615 4045 860 4110 nullam
923 4064 1066 4110 esse
1124 4045 1315 4110 facile
1373 4046 1816 4130 intellegitur).
1911 4048 2049 4111 Iam
2096 4067 2245 4111 vero
2300 4067 2441 4112 cum
2487 4048 2593 4112 vel
2636 4046 2703 4111 id
2746 4048 2955 4132 ipsum

271 4162 648 4245 scriptorum
695 4166 1024 4231 silentium
1057 4167 1214 4231 satis
1246 4168 1472 4231 mirum
1518 4175 1708 4251 66661,
1763 4168 1819 4232 61
1849 4168 2175 4233 (16016111111
2219 4188 2289 4233 re
2334 4188 2488 4233 vera
2518 4168 2765 4261 factum*
2788 4175 2959 4233 esset

276 4283 532 4365 (Mahne
562 4283 644 4350 de
674 4286 952 4351 AristoX.
989 4308 1052 4371 p.
1095 4290 1223 4370 84),
1279 4289 1476 4353 multo
1507 4290 1716 4372 magis
1746 4289 1909 4353 mira
1940 4296 2041 4355 est
2069 4289 2310 4355 decreti
2340 4288 2680 4370 sententia,
2720 4310 2799 4353 ex
2830 4310 2957 4371 qua

268 4404 512 4469 maritis
570 4408 890 4490 paelicum
949 4426 1105 4472 usus
1166 4407 1400 4474 diserte
1458 4409 1808 4493 permissus
1855 4417 1920 4475 et
1963 4409 2430 4492 quodammodo
2476 4410 2955 4475 commendatus

263 4522 467 4589 fuisse
499 4525 719 4591 fertur.
786 4526 953 4605 Quid
984 4528 1216 4610 igitur?
1245 4530 1716 4595 credendumne
1749 4530 1868 4595 hoc
1899 4530 2189 4595 dicamus
2219 4538 2476 4615 propter
2506 4531 2693 4596 unius
2724 4530 2954 4595 Hiero-

264 4644 443 4729 nymi
473 4648 910 4720 auctoritatem
927 4653 956 4711 ⁶?
999 4649 1260 4715 Minime
1293 4670 1464 4716 vero,
1529 4650 1729 4715 Immo
1775 4651 1898 4715 etsi
1926 4652 2383 4735 Hieronymum
2427 4653 2706 4734 genuino
2736 4652 2952 4733 aliquo

269 4767 605 4850 plebiscito
649 4789 833 4833 usum
881 4771 996 4835 vel·
1030 4771 1300 4836 abusum
1347 4791 1490 4837 esse
1538 4770 1927 4837 confidenter
1970 4791 2209 4856 negare
2253 4793 2381 4837 non
2425 4792 2707 4857 possum,
2760 4773 2951 4857 longe
