3785 5187
751 368 1171 428 HIERONYMI
1208 368 1474 426 RHODII
1508 365 2041 427 PERIPATETICI
2077 361 2547 424 FRAGMENTA
2907 365 2982 431 13

303 562 588 648 ἑαυτήν,·,
623 558 704 634 ὡς
750 564 932 647 δῆθεν
977 559 1084 646 τὴν
1119 557 1380 647 Ἑκάτην
1426 562 1494 625 ἐκ
1538 556 1746 626 τούτου
1791 563 2095 625 λυποῦσα·
2160 556 2261 623 καὶ
2305 553 2344 644 ἡ
2387 559 2680 644 παροιμία
2724 554 2990 643 ἐπεκρά-

303 710 481 769 τησεν
527 682 623 747 ἐπὶ
667 686 785 748 τῶν
832 685 1066 756 ἑαυτοῖς
1111 678 1511 768 ἐπιφερόντων
1556 676 1738 745 κακά.
1804 680 1904 746 Cf.
1957 679 2193 745 Suidas
2237 678 2477 765 κίνησον
2520 674 2617 743 τὸν
2662 674 2981 764 ὀνόγυρον;

303 801 334 869 ὃ
381 800 662 890 ὂνόγυρος
708 801 868 876 εἶδος
912 800 1220 888 λυγώδους
1266 806 1474 889 φυτοῦ.
1567 794 1708 867 ὅθεν
1758 803 1932 887 δηλοῖ
1975 795 2065 866 ὅτι
2107 797 2213 873 τὰς
2260 796 2549 886 μάστιγας
2592 799 2854 884 κίνησον.

478 1047 555 1111 V.
647 1045 802 1110 Ath.
852 1045 1003 1109 XIV
1046 1065 1110 1129 p.
1152 1045 1360 1109 635F
1446 1039 1801 1128 Ἱερώνυμος
1861 1039 1907 1106 δ’
1975 1045 2048 1107 ἐν
2110 1047 2204 1129 τῷ
2254 1039 2422 1128 περὶ
2491 1043 2981 1128 κιθαρῳδῶν,

301 1159 490 1253 ’όπερ
535 1166 702 1230 ἐστὶ
746 1167 1072 1250 πέμπτον
1131 1161 1306 1251 περὶ
1365 1169 1731 1249 ποιητῶν,
1784 1159 1939 1228 κατὰ
1985 1166 2326 1250 Λυκοῦργον
2371 1159 2469 1227 τὸν
2517 1163 2845 1247 νομοθέτην
2891 1156 2989 1225 τὸν

304 1282 688 1373 Τέρπανδρόν
735 1312 886 1373 φησι
930 1287 1233 1371 γενέσθαι.

477 1408 576 1472 De
621 1407 981 1491 Terpandri
1035 1413 1250 1472 aetate
1310 1407 1439 1471 iam
1499 1411 1647 1470 ante
1691 1405 2153 1488 Hieronymum
2199 1404 2415 1470 variae
2474 1405 2766 1487 prolatae
2811 1409 2992 1468 erant

301 1528 666 1612 opinioneS,
732 1548 1020 1609 quarum·
1060 1535 1352 1592 auctores
1411 1527 1644 1608 quibus
1702 1525 2097 1608 argumentis
2156 1525 2256 1590 usi
2302 1525 2429 1590 sint
2471 1545 2598 1589 non
2643 1525 2800 1590 satis
2842 1544 2992 1609 per-

302 1649 594 1732 spicuum
639 1654 762 1713 est.
857 1649 1056 1714 Clem.
1097 1649 1196 1714 Al.
1239 1648 1466 1713 Strom.
1505 1648 1538 1711 I
1575 1649 1687 1710 131
1729 1641 2091 1719 εΕλλοὶνικος
2136 1650 2277 1732 γοῦν
2322 1651 2523 1711 τοῦτον
2574 1648 2793 1733 ἱστορεῖ
2836 1641 2992 1710 κατὰ

307 1767 509 1832 Μίδαν
568 1771 907 1855 γεγονέναι,
971 1770 1203 1841 Φανίας
1263 1768 1329 1832 δὲ
1387 1765 1498 1856 πρᾷ
1560 1764 1945 1854 Τερπάνδρου
2005 1764 2189 1840 τιθεὶς
2249 1768 2488 1854 Λέσχην
2544 1764 2643 1832 τὸν
2704 1768 2982 1853 Λέσβιον,

300 1885 659 1976 Ἀρχιλόχου
704 1885 989 1976 νεώτερον
1034 1891 1206 1976 φέρει
1250 1888 1347 1954 τὸν
1392 1887 1794 1976 Τέρπανδρον.
1872 1889 2043 1953 Plut.
2095 1889 2175 1954 de
2221 1867 2385 1952 mue.
2438 1893 2475 1952 4
2518 1888 2874 1972 (Westphal
2904 1887 2990 1952 ad

312 2011 484 2074 Plut.
537 2009 618 2075 de
663 2031 806 2076 mus
865 2033 928 2095 p.
968 2012 1070 2074 68.
1167 2010 1242 2076 Ο.
1281 2011 1513 2074 Loewe
1560 2010 1641 2074 de
1672 2009 2033 2093 Terpandri
2075 2015 2291 2074 aetate
2334 2031 2397 2094 p.
2444 2011 2539 2091 15)
2591 2004 2988 2096 πρεσβύτερον

299 2135 450 2215 γοῦν
513 2128 688 2196 αὐτὸν
728 2127 1085 2218 Ἀρχιλόχου
1147 2127 1470 2218 ἀποφαίνει
1514 2129 1781 2202 Γλαῦκος
1836 2125 1866 2192 ὃ
1913 2132 1973 2201 ἐξ
2010 2126 2271 2202 Ἰταλίας
2328 2131 2390 2194 ἐν
2436 2125 2850 2216 συγγράμματι
2904 2133 2990 2216 τῷ

301 2250 438 2337 περὶ
480 2258 598 2317 τῶν
644 2246 917 2339 ἀρχαίων
962 2257 1226 2337 ποιητῶν
1271 2277 1334 2315 τε
1391 2239 1492 2316 καὶ
1548 2255 1863 2336 μουσικῶν.
1960 2251 2107 2337 φησὶ
2167 2247 2281 2337 γὰρ
2333 2246 2510 2316 αὐτὸν
2557 2246 2830 2337 δεότερον
2876 2275 2989 2335 γε-

301 2373 517 2436 νέσθαι
563 2370 708 2458 μετὰ
753 2370 886 2446 τοὺς
929 2369 1193 2459 πρώτους
1235 2368 1601 2457 ποιήσαντας
1648 2369 1979 2458 αὐλῳδίαν.
2075 2378 2112 2436 5
2161 2366 2310 2456 μετὰ
2356 2370 2421 2436 δὲ
2465 2369 2842 2458 Τέρπανδρον
2889 2368 2990 2436 καὶ

303 2491 546 2558 Κλονᾶν
612 2490 956 2581 Ἀρχίλοχος
1023 2495 1425 2580 παραδίδοται
1492 2494 1796 2580 γενέσθαι.
1920 2493 2019 2558 Cf.
2096 2513 2392 2558 marmor.
2475 2494 2618 2557 Par.
2698 2513 2799 2578 ep.
2877 2496 2981 2556 34.

301 2614 764 2699 Hieronymum
795 2615 1093 2681 Loewius
1135 2618 1215 2699 (p.
1265 2619 1358 2698 18)
1400 2619 1742 2699 propterea
1771 2616 2132 2699 Lycurgum
2178 2621 2243 2680 et
2285 2615 2728 2699 Terpandrum
2772 2620 2987 2679 aetate

300 2735 470 2799 inter
527 2754 596 2800 se
652 2736 1020 2801 coniunctos
1078 2736 1484 2820 perhibuisse
1531 2735 1903 2816 arbitratur,
1972 2735 2125 2817 quia
2169 2736 2613 2819 Terpandrum
2662 2735 2990 2801 Lacedae-

299 2856 656 2921 moniorum
716 2857 972 2939 legibus
1033 2876 1200 2938 quae
1247 2857 1530 2941 Lycurgi
1597 2855 1983 2921 haberentur
2026 2856 2252 2921 modos
2319 2863 2581 2941 aptasse
2649 2876 2983 2942 perperam

297 2977 658 3042 statuisset.
755 2978 1060 3060 Legimus
1121 2997 1276 3042 sane
1303 3001 1308 3006 ·
1335 2975 1512 3060 apud
1573 2976 1968 3042 Clementem
2029 2977 2260 3043 Strom.
2320 2978 2351 3041 I
2416 2981 2494 3043 78
2559 2979 2736 3064 μέλος
2788 3003 2852 3042 τε
2908 2970 2985 3042 αὗ

297 3104 532 3184 πρῶτος
577 3099 900 3185 περιέθηκε
947 3100 1067 3171 τοῖς
1111 3094 1404 3183 ποιήμασι
1448 3095 1552 3162 καὶ
1595 3091 1730 3171 τοὺς
1775 3099 2266 3183 Λακεδαιμονίων
2318 3094 2532 3183 νόμους
2590 3075 2985 3185 ἐμελοτὲοίησε

297 3217 679 3305 Τέρπανδρος
723 3214 1160 3292 δἈντισσαῖος.
1246 3220 1376 3285 Sed
1403 3222 1572 3286 hunc
1615 3241 1914 3304 errorem,
1952 3240 2141 3303 quem
2186 3240 2267 3285 ex
2309 3240 2613 3305 perversa
2655 3240 2984 3285 nomorum

299 3340 825 3423 interpretatione
870 3346 1074 3404 ortum
1122 3360 1264 3406 esse
1296 3341 1431 3405 veri
1476 3342 1867 3407 simillimum
1916 3347 2013 3407 est
2068 3342 2348 3425 (Nitzsch
2394 3342 2475 3407 de
2529 3330 2679 3407 hist.
2716 3342 2901 3407 Hom.
2951 3341 2984 3404 I

297 3482 365 3544 p.
406 3464 535 3543 32),
590 3481 732 3525 eam
776 3461 987 3545 ipsam
1034 3462 1114 3526 ob
1161 3480 1425 3526 causam
1469 3462 1844 3546 Hieronymi
1886 3468 2099 3527 aetate
2143 3462 2559 3547 posteriorem
2604 3482 2749 3528 esse
2793 3468 2985 3548 puta-

295 3581 522 3647 verim.
630 3582 855 3663 Neque
924 3582 1180 3647 omnino
1243 3602 1405 3666 opus
1463 3589 1560 3647 est
1617 3583 1736 3647 illa
1793 3584 2191 3662 coniectura;
2270 3584 2336 3648 in
2410 3604 2487 3649 eo
2546 3585 2746 3664 enim,
2811 3585 2982 3666 quod

297 3704 632 3786 Lycurgus
677 3703 997 3766 turbatam
1044 3701 1692 3769 Lacedaemoniorum
1737 3703 2065 3769 civitatem
2110 3704 2363 3787 legibus
2406 3704 2785 3788 restituisse,
2824 3708 2984 3772 'Per-

297 3822 547 3907 pander
577 3822 786 3888 modis
818 3828 882 3887 et
926 3823 1200 3888 canendi
1228 3829 1366 3889 arte
1397 3824 1911 3906 carminibusque
1942 3826 2250 3891 bonarum
2282 3825 2740 3891 sententiarum
2769 3828 2983 3911 plenis

298 3943 682 4008 seditionem
730 3944 1003 4028 Spartae
1047 3944 1313 4010 sedasse
1358 3944 1716 4029 ferebatur,
1769 3964 2029 4011 causam
2083 3947 2241 4011 satis
2283 3946 2579 4011 idoneam
2622 3947 2835 4012 inesse
2878 3968 2985 4012 ar-

295 4064 518 4147 bitror,
556 4084 721 4145 quae
767 4064 1087 4130 hominem
1133 4065 1233 4129 ab·
1261 4070 1562 4130 accurata
1592 4066 1729 4151 veri
1758 4066 2254 4150 investigatione
2284 4067 2567 4133 alienum
2596 4067 2682 4132 ad
2713 4067 2980 4133 duorum

292 4184 572 4249 virorum
616 4191 904 4270 tempora
949 4186 1395 4268 coniungenda
1436 4186 1771 4271 impellere
1815 4187 2125 4271 potuerit:
2180 4188 2261 4253 cf.
2314 4189 2485 4252 Plut.
2533 4209 2595 4252 v.
2633 4189 2865 4271 Agidis
2902 4195 2978 4254 10

290 4304 425 4369 ἐπεὶ
471 4300 848 4391 Τέρπανδρόν
913 4330 978 4370 τε
1021 4304 1122 4369 καὶ
1166 4303 1415 4391 Θάλητα
1460 4307 1563 4371 καὶ
1609 4304 1956 4394 Φερεκύδην
2004 4310 2201 4381 ξένους
2245 4301 2439 4393 ὄντας,
2493 4303 2596 4374 ὅτι
2638 4306 2725 4373 τὰ
2788 4306 2979 4375 αὐτὰ

289 4430 395 4512 τῷ
441 4422 858 4513 Λυκούργῳ
903 4416 1306 4493 διετέλουν
1355 4420 1677 4515 ᾄδοντες
1722 4426 1842 4493 καὶ
1887 4433 2543 4517 φιλοσοφοῦντες,
2607 4432 2669 4494 ἐν
2730 4426 2973 4517 Σπάρτῃ

289 4548 624 4631 τιμηθῆναι
700 4544 1123 4634 διαφερόντως.
1233 4549 1625 4632 Diligentius
1697 4549 1778 4615 de
1834 4551 2196 4635 Terpandri
2254 4558 2468 4617 aetate
2529 4551 2862 4633 inquisivit
2920 4552 2976 4617 is

294 4667 566 4751 scriptor
609 4688 733 4749 quo
777 4687 932 4733 usus
978 4675 1078 4734 est
1108 4670 1482 4735 Athenaeus
1528 4671 1572 4734 l.
1611 4691 1664 4735 c.
1724 4671 1828 4754 (cf.
1867 4671 2091 4737 Rohde
2138 4671 2219 4737 de
2250 4674 2411 4738 Poll.
2450 4672 2516 4738 in
2562 4694 2713 4758 app.
2755 4692 2970 4739 scaen.

290 4807 504 4854 enarr.
542 4789 700 4853 font.
737 4811 800 4872 p.
840 4792 920 4854 48
953 4792 1074 4873 sq.)
1112 4782 1206 4854 ‘ort
1252 4791 1316 4855 δὲ
1363 4790 1464 4855 καὶ
1495 4789 1870 4878 Τέρπανδρος
1919 4788 2310 4880 ἀρχαιότερος
2336 4790 2746 4880 Ἀνακρέοντος
2796 4797 2976 4883 δῆλον
