3785 5187
653 341 659 348 ’
763 347 1189 403 HIERONYMI
1226 345 1492 401 RHODn
1529 342 2059 399 PERIPATETIOI
2098 337 2569 398 FRAGMENTA
2927 345 3007 404 23

337 538 702 604 Heraclidis
760 538 1188 604 narrationem
1248 537 1330 602 de
1389 535 1734 601 Charitone
1793 541 1858 599 et
1910 533 2302 618 Melanippo,
2368 533 2449 598 de
2503 553 2635 615 qua
2691 532 2775 596 ef.
2833 533 3036 598 Wolff

335 659 645 744 Porphyr.
696 659 777 724 de
822 658 980 744 phil.
1036 679 1116 724 ex
1162 677 1330 724 orae.
1381 658 1565 722 haur.
1618 655 1760 721 libr.
1811 656 1954 721 rell.
1990 676 2052 739 p.
2096 656 2175 719 88
2208 673 2335 736 sq.,
2385 659 2594 719 utrum
2638 652 2695 718 is
2735 653 3021 738 scriptor,

333 800 460 863 quo
514 780 883 845 Athenaeus
946 798 1102 845 usus
1162 786 1281 860 est,
1345 778 1569 844 eodem
1616 776 1803 842 modo
1861 796 1989 862 quo
2033 776 2462 859 fragmentum
2506 773 2825 840 Neanthis
2884 794 3028 840 eum

335 900 710 985 Hieronymi
754 899 1152 985 expositione
1198 897 1616 981 coniunxerit,
1654 919 1738 963 an
1767 897 1913 981 ipse
1942 897 2372 981 Hieronymus
2416 895 2636 961 addito
2666 895 3029 961 Heraclidis

332 1021 698 1086 testimonio
755 1020 1109 1104 protulerit,
1176 1041 1302 1085 non
1363 1019 1579 1103 liquet.
1675 1018 1805 1083 Sed
1847 1017 1919 1082 id
1976 1023 2146 1082 certe
2192 1015 2363 1099 quod
2408 1014 2703 1082 Wolffius
2779 1016 3021 1100 statuit,

334 1142 532 1206 verba
575 1141 692 1206 illa
738 1137 1213 1214 Μελάνιππος-
1243 1143 1544 1226 ἐρωτικῶν
1590 1139 1672 1204 ab
1717 1137 2141 1203 Athenaeo
2197 1137 2411 1203 verbis
2455 1136 2829 1222 Hieronymi
2881 1157 3028 1203 esse

330 1261 734 1347 interposita,
787 1262 959 1327 omni
1004 1261 1457 1346 probabilitate
1503 1266 1697 1325 caret.

509 1504 751 1568 XVIII.
831 1504 995 1569 Plut.
1053 1503 1134 1568 de
1177 1509 1354 1568 reeta
1396 1502 1642 1567 ratione
1687 1499 1992 1566 audiendi
2030 1502 2104 1563 18
2136 1521 2202 1583 p.
2242 1502 2322 1563 48
2369 1501 2565 1586 ἕτεροι
2609 1499 2676 1564 δὲ
2718 1451 3026 1587 πρόσοχῆς

334 1623 438 1688 καὶ
486 1623 839 1711 δριμύτητος
885 1627 946 1689 ἐν
994 1620 1064 1689 ού
1111 1624 1306 1688 δέοντι
1367 1618 1703 1709 θηρώμενοι
1750 1617 1920 1694 δόξαν
1969 1617 2359 1685 ἀποκναίουσι
2412 1623 2594 1707 λαλιᾷ
2637 1620 2741 1685 καὶ
2783 1646 3029 1709 περιερ-

335 1747 440 1830 γίᾳ
495 1742 629 1818 τοὺς
675 1745 988 1830 λέγοντας,
1059 1742 1154 1809 ἀεί
1195 1769 1253 1809 τι
1293 1747 1868 1830 προσδιαποροῦντες
1927 1746 2039 1806 τῶν
2083 1736 2192 1805 ούκ
2239 1736 2583 1826 ἀναγκαίων
2628 1741 2731 1806 καὶ
2778 1746 3029 1828 ζητοῦν-

334 1891 431 1939 τες
494 1863 819 1938 ἀποδείξεις
879 1871 994 1930 τῶν
1051 1861 1122 1930 ού
1181 1867 1512 1950 δεομένων.
1575 1844 1762 1936 οὕτως
1821 1858 1958 1935 ὁδὸς
2017 1863 2277 1949 βραχεῖα
2334 1862 2597 1950 γίγνεται
2643 1860 2879 1950 μακρά,
2953 1859 3031 1938 ὥς

335 2012 487 2074 φησι
532 1987 848 2072 Σοφοκλῆς
903 1987 1138 2070 (Antig.
1193 1990 1382 2068 237),
1437 1982 1543 2050 ούκ
1589 1982 1786 2056 αὐτοῖς
1835 1980 2011 2068 μόνον
2059 1977 2217 2049 ἀλλὰ
2260 1981 2361 2048 καὶ
2406 1984 2527 2056 τοῖς
2574 1976 2815 2058 ἄλλοις.
2869 1981 3032 2050 ἀντι-

334 2104 782 2194 λαμβανόμενοι
837 2103 954 2193 γάρ
1013 2103 1294 2172 ἑκάστοτε
1351 2109 1552 2180 κεναῖς
1611 2104 1712 2170 καὶ
1755 2106 2056 2191 περιτταῖς
2102 2104 2433 2191 ἐρωτήσεσι
2474 2109 2579 2168 τοῦ
2626 2101 3025 2189 διδάσκοντος,

331 2224 534 2316 ὥσπερ
594 2232 656 2294 ἐν
714 2229 990 2312 συνοδίᾳ,
1078 2225 1143 2292 τὸ
1191 2228 1500 2314 ἐνδελεχὲς
1561 2228 1947 2311 ἐμποδίζουσι
2000 2231 2106 2310 τῆς
2167 2220 2491 2310 μαθήσεως
2550 2223 2885 2300 ἐπιστάσεις
2931 2229 3034 2293 καὶ

335 2346 646 2437 διατριβὰς
691 2345 1155 2437 λαμβανούσης.
1208 2342 1372 2414 οὗτοι
1417 2349 1523 2434 μὲν
1568 2341 1670 2414 οὖν
1715 2343 1869 2413 κατὰ
1927 2345 2025 2412 τὸν
2058 2341 2425 2433 Ἱερώνυμον
2471 2341 2667 2433 ὥσπερ
2727 2349 2784 2410 οἱ
2848 2347 3034 2414 δειλοὶ

332 2471 436 2536 καὶ
467 2473 745 2557 γλίσχροι
798 2470 1012 2556 (λίχνοι
1041 2470 1205 2535 coni.
1247 2469 1694 2554 Wyttenbaeh)
1751 2463 2045 2540 σκύλακες
2088 2464 2165 2532 τὰ
2212 2469 2481 2554 δέρματα
2529 2463 2839 2542 δάκνοντες
2877 2467 3034 2535 οἴκοι

332 2592 437 2658 καὶ
477 2589 554 2658 τὰ
599 2593 856 2677 τίλματα
901 2591 1196 2665 τίλλοντες
1240 2598 1350 2655 τῶν
1399 2590 1629 2678 θηρίων
1678 2586 1874 2657 αύτῶν
1921 2585 2036 2676 ούχ
2082 2581 2385 2655 ἅπτονται.

510 2714 677 2778 Plat.
743 2714 904 2797 Rep.
956 2712 1078 2777 VII
1124 2733 1182 2795 p.
1239 2715 1362 2776 539
1409 2713 1463 2776 Β
1538 2710 1710 2797 οἶμαι
1768 2707 1884 2798 γάρ
1949 2738 2015 2777 σε
2076 2708 2146 2777 ού
2208 2712 2567 2795 λεληθέναι,
2632 2702 2726 2776 ότι
2784 2714 2840 2777 οἱ
2902 2738 3035 2798 μει-

339 2835 646 2921 ρακίσκοι,
711 2823 855 2898 όταν
915 2829 979 2896 τὸ
1035 2836 1269 2918 πρῶτον
1331 2828 1522 2919 λόγων
1568 2828 1892 2919 γεύωνται,
1960 2828 2039 2904 ὡς
2081 2836 2296 2918 παιδιᾷ
2343 2828 2544 2905 αὐτοῖς
2588 2838 3023 2920 καταχρῶνται,

338 2952 434 3019 ἀεὶ
480 2956 566 3027 εἰς
613 2950 951 3038 ἀντιλογίαν
997 2950 1328 3040 χρώμενοι,
1403 2952 1505 3019 καὶ
1553 2950 1909 3039 μιμούμενοι
1949 2950 2086 3027 τοὺς
2131 2954 2555 3039 ἐξελέγχοντας
2602 2949 2771 3019 αύτοὶ
2816 2948 3035 3028 ἄλλους

341 3077 692 3160 ἐλέγχουσι,
761 3076 1075 3161 χαίροντες
1119 3068 1316 3161 ὥσπερ
1363 3071 1658 3139 σκυλάκια
1716 3079 1800 3163 τῷ
1845 3076 2041 3139 ἕλκειν
2086 3099 2151 3139 τε
2194 3074 2296 3139 καὶ
2344 3069 2695 3160 σπαράττειν
2739 3080 2825 3161 τῷ
2868 3072 3033 3164 λόγῳ

343 3192 479 3270 τοὺς
523 3196 776 3280 πλησίον
825 3192 942 3261 ἀεί.
1039 3196 1139 3262 Of.
1178 3196 1606 3280 Wyttenbaeh
1651 3196 1737 3261 ad
1782 3197 1953 3261 Plut.
2004 3196 2084 3261 de
2131 3216 2277 3261 sera
2322 3216 2494 3261 num.
2547 3194 2726 3261 vind.
2775 3218 2842 3283 p.
2885 3203 2982 3263 11.

513 3438 691 3502 XIX.
775 3438 942 3503 Plut.
1007 3444 1260 3520 quaest.
1322 3457 1504 3503 conv.
1573 3438 1604 3501 1
1662 3440 1735 3517 8,
1791 3442 1828 3503 3
1889 3459 1953 3521 p.
2009 3439 2133 3501 626
2194 3436 2507 3523 Λαμπρίας
2568 3436 2635 3502 δὲ
2692 3433 2725 3502 ‘o
2783 3443 2867 3475 ³¹⁶*
2926 3437 3032 3525 τὴν

741 3562 824 3594 ³¹⁶*
883 3554 991 3624 οὐκ
1047 3555 1378 3643 ἀνέγνωκεν
1423 3562 1506 3594 *³*
1552 3554 1803 3644 εὐφυΐαν
1863 3553 2131 3642 ἐμπεσών
2202 3559 2540 3643 (Λαμπρίας
2587 3558 2653 3623 δὲ
2697 3555 2728 3623 ὃ
2776 3556 3035 3648 ἀδελφὸς

326 3555 695 3645 Ἱερώνυμον

341 3677 448 3765 τὴν
482 3675 845 3765 Ἱερωνύμου
894 3674 1070 3763 μόνον
1118 3675 1225 3741 οὐκ
1273 3675 1603 3763 ἀνέγνωκεν
1650 3675 1902 3765 εὐφυΐαν
1948 3673 2221 3763 ἐμπεσών
2268 3678 2668 3762 Stephanus,
2722 3681 3037 3768 Λαμπρίας

340 3799 409 3865 δὲ
454 3796 487 3864 ὃ
534 3796 794 3886 ἀδελφὸς
839 3798 956 3886 ἔφη
1007 3795 1336 3883 θαυμάζειν
1383 3797 1443 3864 εἴ
1481 3825 1567 3872 τις
1614 3796 1719 3884 τήν
1762 3794 2138 3885 Ἱερωνύμου
2188 3800 2389 3888 βίβλον
2438 3796 2547 3864 οὐκ
2592 3796 2924 3885 ἀνέγνωκεν
2972 3807 3033 3868 ἐν

338 3914 380 4007 ᾗ
431 3946 579 4007 φησι
624 3917 763 3984 κατ’
820 3917 1245 4005 Ἐμπεδοκλέα
1291 3920 1466 3986 coni.
1521 3921 2010 4005 Wyttenbach),
2077 3914 2168 3985 ότι
2228 3921 2349 3993 τοῖς
2407 3922 2868 4007 προσπίπτουσιν
2917 3920 3033 3989 ἀπὸ

338 4047 452 4105 τῶν
499 4037 726 4127 ὁρατῶν
780 4037 964 4105 εἴδεσι
1021 4037 1165 4127 πρὸς
1223 4038 1328 4125 τήν
1386 4034 1518 4126 ὄψιν
1577 4037 1836 4127 δρῶμεν,
1905 4033 1944 4104 ἃ
1986 4047 2215 4127 πρῶτον
2263 4040 2368 4126 μὲν
2427 4038 2757 4128 ἀπέρχεται
2803 4042 3037 4128 μεγάλα

343 4160 449 4227 καὶ
491 4166 850 4247 παχυμερῆ·
906 4158 996 4225 διὸ
1041 4159 1177 4233 τοὺς
1221 4163 1502 4248 γέροντας
1547 4158 1798 4248 ἐγγύθεν
1844 4158 2223 4249 ἐπιταράττει
2272 4157 2644 4250 βραδύπορον
2689 4162 2791 4228 καὶ
2838 4168 3035 4251 σκλη-

344 4280 454 4369 ράν
499 4282 750 4368 ἔχοντας
810 4278 916 4367 τήν
960 4273 1206 4368 δ’ρασιν·
1271 4278 1711 4369 ἀνενεχθέντων
1772 4280 1828 4347 δ’
1883 4286 1969 4357 εἰς
2023 4280 2121 4349 τὸν
2170 4280 2320 4369 ἀέρα
2366 4284 2466 4348 καὶ
2526 4279 2831 4372 λαβόντων
2889 4289 3035 4351 δια-

343 4399 620 4488 στήματα
651 4400 748 4467 -τά
810 4401 914 4487 μὲν
972 4399 1173 4487 γεώδη
1232 4398 1663 4489 περιθραύεται
1721 4402 1824 4468 καὶ
1885 4406 2237 4487 ἀποπίπτει,
2301 4402 2376 4469 τὰ
2422 4404 2487 4469 δὲ
2533 4401 2716 4470 λεπτὰ
2758 4414 3049 4497 προσπιεὲ

339 4520 598 4596 λάζοντα
642 4525 772 4596 ταῖς
831 4516 1035 4609 ὄψεσιν
1082 4518 1322 4596 ἀλύπως
1378 4524 1480 4588 καὶ
1527 4520 1764 4609 ὁμαλῶς
1809 4522 2160 4612 ἐναρμόττει
2202 4526 2325 4598 τοῖς
2368 4522 2606 4613 πόροις,
2671 4520 2819 4593 ὥστε
2862 4522 3036 4613 ἧττον

337 4645 813 4731 ταραττομένους
875 4645 1100 4727 μᾶλλον
1146 4639 1732 4729 ἀντιλαμβάνεσθαι·
1796 4643 1897 4709 καὶ
1955 4642 2070 4733 γὰρ
2132 4648 2195 4711 αἱ
2251 4652 2361 4710 τῶν
2409 4642 2611 4712 ἀνθῶν
2656 4640 2839 4734 ὀσμαί
2881 4642 3058 4738 irdp:

345 4767 540 4854 ρωθεν
586 4762 986 4851 εὐωδέστεραι
1028 4766 1524 4850 προσπίπτουσιν·
1594 4759 1665 4830 ἂν
1711 4764 1777 4830 δὲ
1823 4761 2074 4851 ἐγγύθεν
2123 4760 2275 4854 ἄγαν
2318 4763 2671 4857 προσάγῃς,
2714 4766 2830 4860 οὐχ
2880 4762 3057 4838 ogra?
