3785 5187
733 342 1159 405 H'IERONYMI
1195 350 1463 404 RHODII
1502 347 2040 403 PERIPATETICI
2077 343 2549 403 FRAGMENTA
2904 303 2982 410 2⁸}

298 539 533 623 fragm.
588 539 848 605 Aristot.
899 541 1045 606 coll.
1093 539 1281 605 Heitz
1311 561 1377 624 p.
1414 543 1496 602 26
1525 541 1678 622 sq.),
1728 558 1937 620 neque
1982 538 2048 603 id
2092 539 2175 604 ab
2222 538 2362 604 eius
2409 537 2672 603 consilio
2721 536 3002 603 alienum

296 660 445 726 fuit.
555 660 689 726 Sed
732 660 912 725 aliud
958 643 1090 742 est,
1158 659 1521 725 fabulosam
1579 660 2126 725 narratiunculam
2195 679 2724 742 commemorare,
2793 657 2994 739 aliud,

293 780 607 864 ignobilis
667 786 899 865 poetae
960 780 1237 846 scaenici
1296 779 1666 864 tragoedias
1728 779 1813 844 ad
1859 779 2287 845 clarissimum
2332 780 2788 864 philosophum
2834 779 3005 863 turpi

294 922 510 967 errore
556 902 831 967 referre:
888 902 1160 967 alterum
1209 901 1466 984 dialogo
1512 901 1859 966 attribuere
1908 920 2160 983 vereor,
2213 901 2484 966 alterum
2531 900 2599 964 in
2643 921 2720 966 eo
2766 900 3002 965 factum

296 1041 447 1088 esse
515 1043 644 1087 non
713 1023 925 1087 miror.
1038 1022 1251 1087 Potuit
1308 1027 1522 1087 autem
1593 1028 1798 1104 certe,
1863 1020 2382 1104 quandoquidem
2454 1021 2674 1103 quinto
2743 1023 3002 1086 saeculo

294 1142 673 1227 Epicharmi
718 1150 781 1208 et
831 1143 1142 1227 Aeschyli
1187 1142 1445 1208 fabulas
1502 1142 1570 1207 in
1616 1141 1839 1207 Sicilia
1883 1148 2062 1207 actas
2109 1141 2310 1207 fuisse
2355 1143 2723 1221 constabat,
2777 1148 3004 1226 postea

295 1261 469 1327 inter
510 1263 1007 1329 innumerabilia
1050 1264 1167 1329 illa
1212 1268 1571 1328 commenta
1616 1262 1851 1345 quibus
1897 1263 2252 1328 litterarum
2300 1261 2690 1328 Graecarum
2736 1262 3001 1328 historia

298 1383 689 1449 obruebatur
749 1383 942 1449 etiam
1010 1404 1091 1448 ea
1148 1383 1365 1469 opinio
1440 1383 1619 1465 oriri,
1686 1383 1816 1448 iam
1886 1390 2037 1449 ante
2106 1383 2564 1468 philosophum
2637 1384 3000 1449 scaenicum

302 1503 766 1569 Atheniensem
824 1504 892 1572 in
938 1504 1161 1570 Sicilia
1204 1504 1687 1590 philosophum·
1718 1504 1866 1570 aliis
1929 1503 2317 1568 carminibus
2362 1504 2825 1569 nobilissimum
2869 1510 3002 1569 tra-

296 1624 491 1708 gicae
547 1645 797 1707 quoque
855 1626 1038 1710 poesi
1080 1627 1362 1710 'operam
1424 1625 1705 1691 dedisse.
1813 1625 2021 1706 Atque
2080 1625 2244 1690 haec
2300 1625 2556 1707 quidem
2620 1624 2701 1689 de
2755 1625 3000 1709 dialogi

295 1745 684 1810 testimonio.
778 1746 876 1810 De
923 1746 1153 1812 ceteris
1197 1746 1356 1811 mihi
1402 1746 1496 1811 sic
1541 1744 1949 1811 statuendum
1995 1764 2139 1810 esse
2186 1745 2473 1810 videtur:
2541 1746 3002 1830 Hieronymum

295 1865 666 1930 testimonio
725 1866 1133 1931 Aristotelico
1193 1866 1537 1932 adductum
1615 1886 1759 1932 esse
1779 1919 1793 1948 ,
1860 1871 1930 1930 ut
1987 1886 2112 1931 non
2171 1866 2376 1931 solum
2437 1865 2518 1931 de
2591 1867 3002 1952 Empedoclis

293 1985 656 2069 tragoediis
718 1991 782 2051 et
836 1985 978 2070 ipse
1026 1987 1325 2069 referret,
1394 1987 1509 2052 sed
1556 1987 1752 2052 etiam
1796 2007 2101 2069 magnum
2149 2007 2366 2051 earum
2413 2003 2760 2052 numerum·
2792 2007 2862 2052 se
2909 1989 3004 2052 le-

299 2107 481 2190 gisse
528 2105 615 2172 ad
659 2108 1108 2172 ostentandam
1141 2107 1559 2173 eruditionem
1604 2107 2021 2191 gloriaretur;
2077 2107 2311 2174 deinde
2343 2108 2516 2175 idem
2561 2130 2602 2173 a
2649 2129 2719 2175 se
2764 2109 3002 2174 factum

294 2246 717 2293 asseverasse
748 2228 1131 2308 Neanthem,
1182 2228 1467 2293 eiusdem
1501 2228 1655 2293 fidei
1700 2228 2072 2313 scriptorem
2114 2228 2194 2310 (v.
2233 2230 2506 2294 Mueller
2535 2230 2634 2293 111
2663 2252 2728 2315 p.
2771 2234 2806 2292 2
2841 2233 2994 2312 sq.).,

298 2348 555 2413 scilicet
610 2368 692 2412 ne
738 2348 981 2414 minore
1039 2369 1232 2430 quam
1291 2350 1403 2414 ille
1464 2349 1817 2415 eruditione
1861 2350 2208 2414 instructus
2253 2356 2621 2435 putaretur,
2684 2350 3002 2434 simulque

294 2468 673 2548 addidisse,
728 2468 1183 2554 Empedoclem
1242 2469 1725 2535 adulescentem
1773 2469 2110 2554 scripsisse
2169 2471 2538 2554 tragoedias
2597 2477 3003 2556 {supervaca-

291 2569 494 2655 neam
539 2589 707 2654 enim
755 2590 1049 2656 existimo
1097 2590 1325 2656 Steinii
1370 2590 1833 2673 coniecturam,
1887 2591 1996 2674 qui
2041 2598 2111 2656 ut
2155 2591 2517 2657 Neanthem
2563 2593 3003 2676 perversitatis

298 2710 568 2775 crimine
614 2711 915 2776 liberaret
958 2732 1086 2775 non
1128 2711 1206 2776 de
1252 2711 1662 2777 adulescente
1696 2712 2092 2796 Empedocle
2139 2714 2256 2778 sed
2303 2713 2382 2777 de
2431 2713 2678 2778 iuniore
2723 2714 3000 2795 quodam

296 2832 495 2896 huius
540 2832 814 2897 nominis
861 2832 1115 2897 homine
1174 2852 1318 2896 eum
1363 2834 1642 2898 locutum
1688 2851 1831 2898 esse
1878 2833 2188 2915 censuit);
2255 2840 2388 2897 turn
2433 2833 2580 2897 aliis
2625 2834 3002 2901 incredibile

294 2953 508 3016 visum
557 2972 737 3035 esse,
806 2954 1263 3038 philosophum
1320 2953 1813 3037 Agrigentinum
1873 2954 2242 3037 tragoedias
2289 2954 2688 3019 condidisse:
2755 2955 2836 3019 ab
2899 2956 3004 3021 his

294 3072 497 3155 igitur
541 3072 718 3137 facili
763 3073 877 3137 illo
925 3073 1208 3139 remedio
1254 3074 1339 3139 ad
1386 3074 1763 3139 solvendam
1806 3074 1974 3139 hanc
2018 3074 2456 3156 quaestionem
2504 3073 2791 3157 adhibito
2838 3076 2998 3141 duos

294 3193 731 3277 Empedocles
778 3212 921 3259 esse
966 3194 1281 3259 inventos.
1378 3193 1560 3273 Quae
1606 3194 1927 3260 sententia
1972 3201 2312 3279 postquam
2356 3196 2612 3279 prolata
2656 3196 2796 3273 fuit,
2850 3217 3000 3280 pro-

301 3314 492 3379 clivis
536 3321 677 3379 erat
720 3314 1110 3396 coniectura,
1163 3314 1477 3398 tragicum
1522 3314 1897 3400 philosophi
1941 3315 2143 3381 fuisse
2189 3324 2508 3400 nepotem.

480 3434 777 3501 Ceterum
823 3436 1016 3501 etiam
1076 3436 1130 3500 si
1177 3436 1321 3518 quis
1366 3435 1823 3520 Empedoclem
1885 3435 2197 3519 tragicum
2245 3437 2370 3503 sibi
2417 3437 2579 3521 eripi
2621 3458 2748 3501 non
2793 3438 3004 3521 patie-

288 3562 445 3637 tur,
500 3554 580 3621 de
626 3576 890 3621 numero
950 3563 1119 3621 certe
1164 3556 1644 3640 tragoediarum
1704 3576 1787 3621 ne
1832 3557 2016 3622 illum
2073 3557 2332 3639 quidem
2379 3556 2765 3642 Hieronymo
2811 3557 3002 3624 fidem

296 3676 669 3741 habiturum
716 3694 861 3742 esse
908 3677 1225 3742 existimo.
2899 3648 2906 3657 ’

486 3920 721 3983 XXVI.
786 3924 840 3980 1.
893 3911 1057 3983 Plu't.
1110 3917 1373 3982 Aristid.
1416 3921 1495 3981 27
1545 3916 1886 4007 Δημήτριος
1933 3917 1992 3983 δ’
2037 3916 2068 3985 ὃ
2115 3918 2435 4007 Φαληρεὺς
2490 3922 2592 3987 καὶ
2625 3918 2998 4007 Ἱερώνυμος

294 4037 329 4105 ‘o
368 4035 617 4112 εΡόδιος
678 4039 781 4104 καὶ
828 4035 1222 4125 Ἀριστόξενος
1284 4036 1315 4104 ὃ
1376 4036 1657 4124 μουσικὸς
1721 4041 1823 4105 καὶ
1874 4037 2312 4127 Ἀριστοτέλης,
2378 4046 2432 4107 εἰ
2489 4038 2560 4127 δὴ
2607 4038 2672 4107 τὸ
2717 4042 2854 4129 περὶ
2899 4041 3002 4108 εὐ-

290 4162 532 4246 γενείας
580 4160 804 4246 βιβλίον
851 4162 913 4224 ἐν
958 4162 1081 4231 τοῖς
1127 4159 1389 4245 γνησίοις
1426 4156 1861 4246 Ἀριστοτέλους
1913 4162 2148 4245 θετέον,
2206 4164 2506 4249 ἱστοροῦσι
2537 4161 2760 4249 Μυρτὼ
2805 4166 2995 4249 θυγα-

286 4284 504 4367 τριδῆν
528 4278 890 4371 Ἀριστείδου
921 4276 1229 4366 Σωκράτει
1273 4286 1359 4366 τῷ
1404 4286 1577 4367 σοφῷ
1623 4286 2008 4367 συνοικῆσαι,
2058 4284 2314 4367 γυναῖκα
2361 4256 2466 4368 μὲν
2512 4285 2721 4371 ἑτέραν
2767 4284 2988 4371 ἔχοντι,

293 4398 523 4487 ταύτην
572 4398 629 4465 δ’
686 4397 1047 4487 ἀναλαβόντι
1090 4397 1468 4487 χηρεύουσαν
1515 4398 1615 4466 διὰ
1660 4404 1867 4467 πενίαν
1915 4403 2016 4469 καὶ
2063 4410 2178 4468 τῶν
2225 4401 2568 4489 ἀναγκαίων
2611 4407 2988 4491 ἐνδεομένην.

288 4518 442 4611 πρὸς
491 4522 597 4607 μὲν
644 4514 745 4587 οὖν
792 4518 1037 4595 τούτους
1086 4524 1302 4594 ἱκανῶς
1348 4516 1379 4586 ὃ
1416 4520 1738 4595 Παναίτιος
1783 4524 1844 4587 ἐν
1890 4527 2012 4597 τοῖς
2056 4524 2193 4611 περὶ
2225 4521 2582 4612 Σωκράτους
2622 4523 2989 4614 ἀντείρηκεν.

472 4647 533 4705 2.
586 4644 819 4709 Athen.
872 4644 1035 4710 XIII
1080 4664 1143 4727 p.
1198 4648 1322 4707 556
1371 4642 1422 4707 A
1500 4648 1569 4709 ἐκ
1613 4639 1835 4710 τούτων
1880 4636 1983 4709 οὖν
2029 4670 2116 4718 τις
2176 4642 2522 4732 ὁρμώμενος
2581 4644 2866 4735 μέμψαιτ’
2923 4643 2996 4713 ἂν

290 4762 434 4837 τοὺς
508 4764 919 4851 περιτιθέντας
986 4760 1297 4850 Σωκράτει
1376 4760 1480 4829 δύο
1560 4761 1822 4851 γαμετὰς
1888 4767 2210 4853 γυναῖκας,
2297 4766 2649 4856 Ξανθίππην
2723 4769 2826 4834 καὶ
2894 4766 2998 4861 τὴν
