3785 5187
745 371 1167 428 HIERONYMI
1207 369 1477 424 RHODII
1513 364 2049 424 PERIPATETICI
2085 365 2554 422 FRAGMENTA
2911 368 2988 427 35

466 555 781 630 ‘Fabulam
839 564 920 629 de
966 563 1241 628 Tithono
1301 559 1507 626 fusius
1558 559 1652 624 ita
1697 564 2020 623 narratam
2065 564 2134 622 ut
2177 556 2260 622 ab
2302 554 2696 638 Hieronymo
2738 555 2992 640 prolata

307 707 443 752 esse
474 686 706 751 dicitur
736 684 912 769 apud
942 683 1333 767 antiquiores
1365 681 1703 765 scriptores
1734 699 1859 744 non
1888 677 2133 743 inveni.
2215 676 2554 741 Tithonum
2601 675 2668 740 in
2701 674 2988 741 cicadam

308 827 706 887 conversum,
781 807 862 870 de
919 825 1051 887 qua
1106 803 1327 869 fabula
1382 801 1870 885 disputaverunt
1928 799 2249 864 Prellerus
2303 797 2539 881 qriech.
2606 796 2880 880 Mythol.
2931 797 2992 860 1³

309 949 367 1011 p.
405 931 529 992 360
590 934 655 992 et
696 926 1076 991 Welckerus
1128 923 1366 1009 qriech.
1425 923 1693 986 Gotterl.
1730 920 1762 983 I
1805 941 1871 1004 p.
1909 921 2071 1000 686,
2136 918 2437 1000 ignorant
2489 923 2709 982 auctor
2764 917 2988 1002 hymni

308 1048 620 1113 Homerici
686 1048 750 1112 in
812 1048 1126 1113 Venerem
1188 1065 1283 1109 vs.
1337 1045 1462 1106 218
1508 1049 1647 1125 sqq.
1722 1049 1785 1106 et
1842 1041 2256 1105 Mimnermus
2323 1037 2496 1122 apud
2562 1037 2738 1102 Stob.
2811 1039 2982 1102 Flor.

308 1169 510 1234 CXVI
541 1173 652 1249 33;
722 1168 803 1234 cf.
869 1167 1061 1232 etiam
1106 1164 1432 1248 Aristoph.
1484 1163 1643 1229 Ach.
1692 1163 1835 1226 688.
1933 1158 2249 1225 Philonid.
2315 1158 2491 1243 apud
2533 1158 2696 1223 Poll.
2745 1159 2982 1223 11118.

310 1290 659 1354 Rettulerat
701 1288 867 1352 hanc
911 1287 1196 1352 fabulam
1240 1292 1390 1350 ante
1436 1284 1814 1350 Clearchum
1858 1280 2274 1346 Hellanicus:
2327 1279 2530 1345 schol.
2567 1281 2625 1378 A
2667 1281 2744 1344 Il.
2787 1278 2832 1342 Γ
2868 1284 2980 1347 151

309 1413 515 1496 μακρῷ
560 1408 625 1474 δὲ
669 1409 783 1494 βίῳ
830 1408 1278 1493 δαπανηθέντος
1324 1406 1552 1471 ἐκείνου
1600 1390 1923 1490 μετέβαλεν
1970 1397 2148 1466 αὐτὸν
2193 1402 2278 1473 εἰς
2322 1400 2557 1485 τέττιγα
2599 1395 2637 1486 ἡ
2686 1395 2825 1471 θεός
2856 1402 2983 1463 κτλ.

311 1531 523 1617 ἱστορεῖ
554 1526 569 1548 ‘
590 1526 941 1602 Ελλάνικος.

472 1772 697 1836 Restat
740 1777 809 1835 ut
855 1791 1070 1836 eorum
1117 1771 1400 1834 locorum
1446 1765 1826 1833 mentionem
1873 1763 2108 1829 faciam
2154 1762 2262 1846 qui
2305 1762 2693 1848 Hieronymo
2739 1763 2987 1828 Rhodio

305 1911 427 1956 non
472 1899 641 1959 recte
687 1890 997 1974 adscripti
1042 1897 1208 1955 sunt.

471 2013 564 2076 Ac
624 2011 897 2095 primum
954 2011 1212 2094 quidem
1272 2008 1590 2074 Luzacius
1660 2008 1743 2091 (p.
1794 2009 1938 2088 231)
2005 2005 2378 2070 tribuendos
2431 2006 2491 2071 ei
2551 2025 2694 2071 esse
2741 2007 2988 2090 putavit

304 2132 416 2197 hos
462 2132 622 2197 duos
668 2132 843 2197 locos
887 2131 1235 2196 Athenaei:
1289 2131 1345 2195 V
1389 2151 1452 2214 p.
1493 2129 1696 2192 206132
1741 2124 1964 2214 γράφει
2007 2116 2110 2192 οὖν
2157 2123 2509 2212 ὃΜοσχίων
2556 2121 2780 2199 οὕτως·
2843 2127 2985 2190 Διο-

302 2253 539 2337 κλείδης
602 2250 705 2336 μὲν
764 2249 795 2316 ὁ
838 2249 1188 2341 Ἀβδηρίτης
1246 2245 1627 2336 θαυμάζεται
1683 2245 1777 2312 ἐπὶ
1834 2252 1908 2334 τῇ
1970 2243 2115 2334 πρὸς
2173 2244 2277 2332 τὴν
2328 2235 2582 2312 Ῥοδίων
2640 2243 2811 2312 πόλιν
2873 2243 2984 2312 ὑπὸ

302 2373 643 2460 Δημητρίου
702 2373 1119 2459 προσαχθείσῃ
1180 2375 1302 2443 τοῖς
1359 2371 1616 2457 τείχεσιν
1677 2364 1950 2434 ἑλεπόλει
2009 2372 2164 2451 κτλ.,
2229 2365 2330 2432 καὶ
2359 2364 2710 2455 Ἱερώνυμος
2767 2368 2862 2433 ἐπὶ
2909 2372 2981 2455 τῇ

298 2499 636 2580 κατασκευῇ
681 2497 786 2578 τῆς
832 2489 1188 2580 ἁρμαμάξης
1235 2486 1275 2580 ᾗ
1324 2492 1633 2578 συνέβαινε
1677 2490 2199 2575 κατακομισθῆναι
2242 2484 2307 2552 τὸ
2347 2484 2731 2576 Ἀλεξάνδρου
2778 2494 2978 2575 σῶμα.

297 2636 361 2698 p.
400 2618 522 2678 217
557 2616 609 2679 E
660 2614 991 2701 Περδίκκας
1029 2614 1223 2680 τοίνυν
1253 2610 1365 2700 πρὸ
1404 2608 1730 2699 Ἀρχελάου
1764 2606 2090 2699 βασιλεύει,
2143 2606 2224 2684 ὡς
2272 2609 2377 2696 μὲν
2423 2606 2790 2685 δἈκοίνθιός
2837 2637 2986 2698 φησι

300 2730 651 2820 Νικομήδης
696 2735 799 2821 ἔτη
846 2734 1290 2822 τεσσαράκοντα
1334 2736 1427 2815 ἓν,
1494 2729 1840 2817 Θεόπομπος
1886 2732 1952 2798 δὲ
1995 2728 2312 2819 τριάκοντα
2354 2734 2562 2814 πέντε,
2606 2728 2984 2818 Ἀναξιμένης

293 2852 774 2942 τεσσαράκοντα,
829 2853 1193 2943 Ἱερώνυμος
1256 2853 1479 2920 εἴκοσιν
1537 2849 1728 2935 ὀκτώ,
1797 2848 2094 2940 Μαρσύας
2141 2852 2207 2918 δὲ
2267 2849 2366 2917 καὶ
2411 2849 2749 2940 Φιλόχορος
2795 2852 2986 2918 εἴκοσι

293 2976 451 3062 τρία.
548 2976 678 3043 Sed
723 2983 989 3060 uterque
1035 2978 1238 3057 locuS,
1296 2985 1364 3041 ut
1406 2984 1575 3041 recte
1621 2974 1939 3040 intellexit
1981 2975 2460 3050 Bruecknerus,
2515 2978 2755 3038 Ztsehr.
2786 2975 2860 3060 f.
2913 2978 2977 3039 d.

294 3098 855 3161 Altertlzumswisa
917 3099 1077 3160 1842
1136 3118 1199 3181 p.
1254 3100 1401 3179 257,
1466 3116 1548 3161 ex
1606 3095 1980 3179 Hieronymi
2038 3094 2347 3160 Cardiani
2401 3095 2685 3160 historiis
2745 3096 2983 3179 petitus

292 3224 412 3283 est.
533 3218 630 3284 De
691 3219 897 3302 priore
959 3218 1040 3281 cf.
1092 3218 1299 3283 Reuss
1369 3216 1793 3300 Hieronymos
1824 3239 1968 3282 -von
2015 3216 2268 3280 Kardia
2325 3236 2390 3299 p.
2445 3219 2585 3278 103.
2694 3216 2981 3281 Alterum

289 3338 544 3403 Rhodio
609 3339 836 3404 iterum
903 3337 1261 3421 assignavit
1327 3338 1397 3403 O.
1472 3337 1814 3401 Muellerus
1879 3336 2111 3419 fragm.
2147 3336 2334 3400 ‘hist.
2409 3334 2520 3399 Gr.
2578 3335 2644 3398 II
2702 3358 2768 3420 p.
2826 3342 2973 3401 452.

288 3458 485 3524 Putat
528 3458 717 3540 enim,
771 3458 857 3523 ad
898 3459 1073 3524 illius
1118 3455 1249 3544 περὶ
1293 3461 1550 3542 ποιητῶν
1598 3457 1791 3522 libros
1824 3464 2168 3543 propterea
2196 3476 2341 3521 eum
2374 3456 2773 3522 referendum
2807 3476 2972 3542 esse,

286 3579 443 3661 quia
470 3579 846 3662 Hieronymi
892 3578 1322 3644 testimonium
1366 3598 1442 3643 eo
1487 3579 1627 3643 loco
1671 3578 1751 3643 ab
1781 3578 2117 3643 Athenaeo
2161 3574 2487 3643 adferatur
2531 3577 2638 3642 ubi
2685 3578 2765 3643 de
2795 3578 2978 3661 Aga-

285 3699 504 3763 thonis
551 3700 777 3782 tragici
824 3699 997 3783 apud
1041 3698 1427 3764 Archelaum
1474 3697 1711 3763 versati
1754 3697 2143 3782 temporibus
2188 3697 2496 3782 disputet;
2551 3718 2739 3781 quam
2784 3720 2979 3783 argu-

244 3857 259 3865 -
284 3820 744 3885 mentationem
776 3819 1007 3884 falsam
1055 3839 1199 3885 esse
1237 3838 1423 3884 nemo
1453 3819 1734 3903 negabit,
1786 3819 1896 3901 qui
1941 3824 2137 3883 totam
2171 3838 2338 3900 quae
2369 3818 2546 3902 apud
2575 3818 2975 3885 Athenaeum

282 3948 504 4004 exstat
558 3939 1053 4024 disputationem
1107 3940 1404 4009 accurate
1460 3938 1822 4023 perlegerit.
1935 3938 2272 4004 Contraria
2329 3940 2648 4004 sententia
2706 3959 2848 4005 eam
2894 3942 2974 4006 ob

280 4079 553 4125 causam
598 4080 711 4143 pro
756 4081 909 4126 vera
952 4060 1254 4126 habenda
1299 4069 1425 4140 est,
1479 4061 1631 4143 quia
1676 4066 1899 4126 auctor
1940 4059 2117 4124 illius
2162 4059 2612 4146 disputationis
2669 4066 2849 4143 (quae
2893 4080 2974 4125 ex

278 4178 594 4246 Herodici
638 4181 979 4264 Babylonii
1036 4181 1196 4246 libro
1238 4178 1383 4266 πρὸς
1426 4176 1525 4245 τὸν
1574 4176 2010 4267 Φιλοσωκράτη
2074 4188 2330 4265 sumpta
2387 4184 2504 4265 est)
2572 4180 2655 4246 de
2713 4201 2975 4247 numero

275 4320 595 4366 annorum
641 4321 800 4383 quos
845 4301 1185 4366 Perdiccas
1231 4302 1599 4384 regnaverit
1640 4290 1994 4381 historicos,
2053 4320 2179 4366 non
2224 4302 2641 4387 philosophos
2683 4301 2751 4366 in
2795 4303 2978 4369 testi-

274 4421 568 4487 monium
614 4427 821 4487 vocat.
914 4422 1138 4504 Neque
1182 4422 1530 4504 quidquam
1578 4424 1816 4503 obstat,
1879 4442 2006 4503 quo
2066 4421 2272 4486 minus
2331 4428 2720 4503 statuamus,
2785 4424 2976 4490 Hier-

270 4562 584 4626 onymum
630 4541 1017 4607 Cardianum
1078 4542 1230 4608 data
1291 4543 1623 4608 occasione
1681 4542 1761 4607 de
1820 4542 2246 4625 antiquiorum
2291 4542 2706 4610 Macedoniae
2751 4565 2972 4629 regum

270 4661 674 4746 temporibus
718 4661 1099 4729 disseruisse
1155 4667 1237 4747 (v.
1272 4664 1642 4729 Brueckner
1672 4684 1736 4746 p.
1772 4666 1898 4726 259
1930 4666 2051 4745 sq.)
2072 4717 2087 4746 ,
2137 4663 2308 4730 sicut
2337 4684 2480 4728 eum
2512 4664 2592 4729 de
2622 4664 2972 4746 antiquita-

268 4783 451 4848 tibus
484 4783 785 4848 Romanis
818 4783 1022 4849 obiter
1052 4784 1430 4868 exposuisse
1461 4790 1730 4849 testatur
1759 4783 2110 4867 Dionysius
2140 4784 2352 4850 Halic.
2388 4784 2603 4867 Antiq.
2633 4786 2817 4851 Rom.
2846 4786 2877 4849 Ι
2902 4790 2965 4852 6.

2480 4904 2558 4956 3*

3691 6 3746 218 ’.ι-ἑ
