3785 5187
774 313 849 378 16
1263 381 1271 390 ,
1916 309 1980 367 Ε.
2024 307 2306 370 mmm

769 505 882 568 der
927 503 1102 568 einen
1145 503 1316 568 Seite
1375 503 1510 566 eine
1557 503 1827 588 Eleqanz
1885 503 1954 565 in
2014 505 2127 567 der
2184 504 2637 569 dichterischen
2678 508 2893 586 Pom,
2958 505 3091 570 eine
3144 504 3467 590 Gffc'illv'y-

773 623 904 688 keit
975 624 1040 688 in
1113 625 1225 687 der
1293 623 1866 707 yeschmaekvollen
1942 625 2455 710 Durchsz'c'hmnq
2526 628 2633 690 des
2714 627 3110 706 Gedankens,
3192 627 3307 690 wie
3378 628 3467 690 sie

778 745 1092 809 dur-chaus
1148 746 1287 808 dem
1334 745 1544 823 Bilde
1607 746 1723 808 das
1766 745 1882 808 wir
1925 767 2043 808 uns
2103 768 2221 809 von
2264 746 2706 830 Sophokleisch
2714 769 2782 810 er
2826 748 3032 832 Lyrik
3074 770 3152 811 zu
3207 747 3471 811 macheu

770 866 1019 951 qeneiqt
1061 866 1224 945 sind,
1278 864 1680 949 entsprechen
1723 866 1966 929 wiirde’
2012 888 2070 932 e.
2120 887 2182 950 q.
2236 887 2288 931 s.
2394 868 2540 931 ‘Die
2586 868 2835 953 launiqe
2878 869 3013 931 und
3050 867 3294 952 witziye
3337 870 3474 932 Be-

693 1043 706 1050 -
775 987 1102 1071 handlunq
1158 987 1361 1051 dieser
1405 986 1670 1069 Replik'
1717 1007 1773 1052 e.
1826 1008 1888 1069 q.
1942 1006 1996 1051 s.
2096 988 2259 1051 ‘Der
2302 989 2369 1051 in
2412 990 2760 1052 demselben
2814 1011 2882 1052 so
2936 989 3273 1072 qeistreich
3325 1011 3470 1052 ver-

773 1109 1018 1172 wandte
1050 1106 1242 1180 αἷνος’
1292 1128 1349 1172 e.
1388 1130 1448 1191 q.
1487 1109 1599 1193 s.).
1701 1108 2041 1173 Praeterea
2070 1115 2290 1174 censet
2318 1110 2701 1174 vocabulum
2730 1111 2872 1181 παῖς
2908 1129 3035 1173 non
3067 1129 3209 1174 eum
3240 1110 3474 1175 Hiero—

772 1249 965 1312 nymo
1010 1227 1098 1294 ad
1140 1249 1428 1313 puerum,
1497 1228 1614 1293 sed
1658 1235 1918 1312 propter
1986 1228 2053 1292 id
2112 1229 2285 1312 quod
2340 1230 2625 1313 sequitur
2679 1231 2888 1316 ἑτέραν
2945 1231 3309 1296 necessario
3382 1229 3473 1294 ad

773 1351 1056 1434 puellam
1113 1349 1519 1415 referendum
1579 1367 1746 1414 esse.
1861 1348 2043 1426 Quae
2102 1349 2497 1416 ratiocinatio
2566 1351 2729 1416 mihi·
2793 1370 2919 1415 non
2977 1352 3503 1435 comprobatum*

773 1490 980 1553 neque
1029 1471 1219 1554 enim,
1280 1477 1352 1536 ut
1393 1490 1538 1534 mea
1583 1469 1983 1555 fert-opium,
2049 1470 2397 1552 quidquam
2454 1473 2773 1554 obstabat,
2837 1492 2961 1553 quo
3022 1471 3233 1536 minus
3292 1491 3473 1536 amor

778 1591 1055 1656 feminae
1102 1598 1166 1656 et
1211 1611 1388 1655 amor
1431 1590 1560 1654 alio
1606 1608 1949 1654 conversus
1992 1611 2146 1655 voee
2192 1593 2399 1677 ἑτέραν
2430 1592 2717 1677 praecise
2752 1592 3461 1677 comprehenderentur.

781 1711 1152 1794 Comparari
1211 1710 1675 1794 quodammodo
1722 1718 1934 1795 potest
1991 1712 2397 1777 Homericum
2455 1712 2621 1777 illud
2666 1712 2857 1778 οἴσετε
2905 1710 2960 1777 δ’
3030 1705 3195 1799 ἄρν’,
3264 1715 3465 1799 ἕτερον

784 1827 1014 1912 λευκόν,
1069 1833 1336 1918 ἑτέρην
1383 1831 1451 1896 δὲ
1497 1833 1783 1916 μέλαιναν
1816 1831 1862 1895 Γ
1916 1835 2066 1910 103;
2122 1833 2203 1897 cf.
2253 1859 2293 1918 η
2350 1837 2488 1896 124.
2572 1835 2799 1915 Itaque
2842 1854 2923 1898 ne
2953 1834 3280 1898 Meinekio
3324 1833 3469 1916 qui-

778 1955 920 2018 dem
969 1953 1286 2018 assentior
1326 1953 1394 2017 in
1441 1954 1650 2039 ἑτέραν
1695 1953 1922 2018 vitium
1967 1953 2169 2018 latere
2214 1953 2523 2038 opinanti.
2604 1955 2701 2020 De
2734 1961 2869 2019 arte
2906 1962 3119 2019 autem
3152 1954 3465 2038 poematis

785 2094 937 2138 num
983 2074 1374 2157 Zurborgius
1419 2081 1589 2138 reete
1635 2073 2100 2139 existimaverit
2139 2073 2400 2138 videant
2443 2075 2580 2140 alii.
3050 2071 3059 2079 ’

946 2317 1118 2380 VIII.
1174 2317 1385 2381 Laert.
1437 2316 1469 2379 I
1502 2319 1582 2378 26
1630 2314 1778 2402 φησὶ
1826 2314 1891 2380 δὲ
1936 2315 2037 2379 καὶ
2070 2311 2432 2401 Ἱερώνυμος
2478 2312 2511 2379 δ
2544 2311 2790 2388 εΡόδιος
2834 2317 2911 2381 ἐν
2965 2321 3066 2403 τῷ
3123 2317 3461 2402 δευτέρῳ

775 2441 921 2502 τῶν
993 2432 1394 2524 σποράδην
1464 2432 2074 2522 ὑπομνημάτων,
2150 2431 2240 2500 ὅτι
2307 2436 2585 2519 (Thales)
2660 2433 3021 2523 βουλόμενος
3079 2439 3268 2506 δεῖξαι
3324 2438 3467 2522 ῥᾷον

789 2555 1011 2647 [ῥᾴδιον
1058 2557 1276 2643 Cobet)
1333 2555 1490 2623 εἷναι
1531 2558 1834 2639 πλουτεῖν,
1901 2563 2089 2645 φορᾶς
2138 2553 2470 2643 μελλούσης
2516 2560 2738 2623 ἐλαιῶν
2784 2558 3065 2641 ἔσεσθαι,
3131 2553 3469 2645 προνοήσας

779 2676 1154 2766 ἐμισθώσατο
1200 2675 1274 2743 τὰ
1319 2681 1700 2766 ἐλαιουργεῖα
1745 2678 1847 2743 καὶ
1878 2674 2257 2764 πάμπλειστα
2291 2681 2523 2744 συνεῖλε
2564 2678 2852 2761 (συνέλεξε
2884 2660 3103 2763 Cobet)
3156 2676 3461 2766 χρήματα.

952 2801 1223 2885 Sumpta
1267 2801 1429 2865 haee
1473 2807 1639 2864 sunt·
1654 2821 1732 2865 ex
1764 2800 2024 2865 Aristot.
2062 2801 2198 2864 Pol.
2235 2801 2266 2863 Ι
2304 2804 2372 2862 11
2412 2822 2475 2884 p.
2514 2802 2673 2863 1259
2706 2822 2747 2863 a
2791 2799 2880 2863 ἔτι
2924 2800 2991 2864 δὲ
3034 2800 3135 2864 καὶ
3181 2797 3255 2865 τὰ
3300 2796 3473 2887 λεγό-

781 2947 932 3008 μενα
978 2917 1313 3008 σποράδην,
1381 2918 1463 2984 δι’
1518 2914 1600 2983 ὧν
1657 2918 2151 3007 ἐπιτετυχήκασιν
2196 2920 2346 2985 ἔνιοι
2389 2916 2931 3006 χρηματιζόμενοι,
3000 2923 3090 2985 δεῖ
3136 2923 3463 3007 συλλέγειν,

781 3042 976 3110 πάντα
1019 3039 1131 3130 γὰρ
1177 3039 1453 3129 ὠφέλιμα
1496 3037 1665 3107 ταῦτ’
1720 3040 1843 3105 ἐστὶ
1887 3043 2009 3113 τοῖς
2053 3047 2269 3126 τιμῶσι
2323 3037 2430 3127 τήν
2482 3038 2995 3129 χρηματιστικήν,
3060 3041 3186 3108 οἷον
3246 3040 3350 3107 καὶ
3406 3038 3471 3106 τὸ

784 3164 1000 3230 Θάλεω
1058 3170 1162 3228 τοῦ
1221 3162 1558 3250 Μιλησίου·
1644 3166 1815 3226 τοῦτο
1875 3156 1991 3248 γάρ
2058 3164 2181 3226 ἐστι
2236 3157 2591 3247 κατανόημά
2647 3187 2703 3226 τι
2760 3158 3264 3249 χρηματιστικόν,
3338 3160 3461 3227 ἀλλ’

787 3287 997 3373 ἐκείνῳ
1046 3284 1150 3371 μὲν
1197 3282 1297 3350 διὰ
1341 3281 1448 3371 τήν
1496 3285 1710 3370 σοφίαν
1755 3277 2180 3368 προσάπτουσι,
2232 3278 2517 3369 τυγχάνει
2561 3282 2627 3347 δὲ
2672 3283 2941 3348 καθόλου
2984 3310 3042 3348 τι
3086 3276 3176 3349 ὅν.
3256 3281 3472 3348 ὀνειδι-

790 3405 1009 3480 ζόντων
1076 3403 1191 3493 γὰρ
1259 3402 1422 3491 αὐτῷ
1490 3401 1590 3469 διὰ
1654 3400 1761 3489 τήν
1826 3402 2031 3467 πενίαν
2101 3399 2182 3475 ὡς
2252 3400 2597 3490 ἀνωφελοῦς
2663 3410 2766 3489 τῆς
2834 3404 3195 3492 φιλοσοφίας
3264 3397 3465 3489 οὔσης,

784 3522 1391 3613 κατανοήσαντά
1451 3550 1632 3613 φασιν
1680 3520 1855 3589 αὐτὸν
1904 3526 2189 3589 ἐλαιῶν
2244 3520 2496 3611 φορὰν
2555 3526 2946 3611 ἐσομένην
2992 3527 3061 3589 ἐκ
3105 3532 3210 3610 τῆς
3260 3522 3476 3611 ἀστρο-

787 3652 1011 3737 λογίας,
1064 3649 1152 3714 ἔτι
1196 3653 1492 3734 χειμῶνος
1532 3640 1696 3719 ’ὄντος
1728 3642 2145 3731 εὐπορήσαντα
2175 3641 2501 3733 χρημάτων
2532 3642 2746 3731 ὀλίγων
2781 3643 3135 3732 ἀρραβῶνας
3166 3649 3477 3710 διαδοῦναι

785 3779 923 3837 τῶν
984 3766 1452 3856 ἐλαιουργεί
1468 3794 1564 3831 ων
1622 3768 1731 3851 (ita
1775 3767 1978 3833 codex
2023 3768 2149 3849 P¹‚-
2190 3768 2582 3853 ἐλαιουργίων
2628 3767 2733 3831 vel
2780 3761 3147 3853 ἐλαιοόργων
3193 3766 3328 3850 alii,
3388 3766 3473 3831 ef.

788 3894 988 3975 Hier.)
1044 3894 1156 3955 τῶν
1201 3886 1252 3954 τ’
1311 3894 1372 3955 ἐν
1407 3886 1663 3974 Μιλήτῳ
1708 3885 1810 3953 καὶ
1837 3887 1978 3974 Χίῳ
2021 3883 2278 3968 πάντων,
2333 3884 2537 3973 ὀλίγου
2586 3883 3043 3972 μισθωσάμενον
3092 3881 3181 3952 ἅτ’
3238 3882 3479 3957 οὐδενὸς

789 4008 1237 4099 ἐπιβάλλοντος·
1309 4005 1514 4095 ἐπειδὴ
1565 4006 1619 4072 δ’
1675 4004 1706 4073 ὃ
1753 4006 1959 4095 καιρὸς
2003 4002 2136 4093 ἧκε,
2188 4010 2425 4073 πολλῶν
2468 4010 2842 4093 ζητουμένων
2876 4003 3002 4093 ἅμα
3032 4006 3135 4072 καὶ
3168 4008 3474 4094 ἐξαίφνης,

790 4134 1189 4219 ἐκμισθοῦντα
1241 4124 1312 4197 δν
1374 4128 1590 4217 τρόπον
1649 4125 1973 4216 ἠβούλετο,
2045 4124 2295 4193 πολλὰ
2354 4124 2711 4215 χρήματα
2769 4131 3250 4198 συλλέξαντα
3315 4130 3476 4192 ἐπι-

790 4257 1064 4335 δεῖξαι,
1117 4249 1238 4318 ὅτι
1293 4249 1560 4340 ῥᾴδιόν
1609 4254 1764 4316 ἐστι
1806 4252 2169 4314 πλουτεῖν
2214 4250 2338 4322 τοῖς
2384 4246 2757 4337 φιλοσόφοις,
2812 4244 2883 4313 ἂν
2932 4245 3282 4334 βούλωνται,
3337 4246 3473 4313 ἀλλ’

795 4364 1065 4440 od'tobt'
1117 4374 1240 4440 ἐστὶ
1284 4373 1420 4461 περὶ
1465 4370 1496 4437 ὃ
1544 4367 1965 4442 σπουδάζουσι.
2056 4371 2261 4455 Θαλῆς
2293 4370 2399 4455 μὲν
2445 4362 2547 4435 οὖν
2593 4372 2830 4455 λέγεται
2874 4375 3079 4434 τοῦτον
3123 4366 3222 4435 τὸν
3268 4367 3485 4457 τρόπον

792 4498 1070 4566 ἐπίδειξιν
1101 4492 1474 4581 ποιήσασθαι
1502 4500 1606 4580 τῆς
1639 4494 1854 4580 σοφίας
1877 4496 2002 4556 κτλ.
2057 4492 2193 4557 Cic.
2220 4492 2301 4557 de
2334 4492 2462 4557 div.
2494 4492 2525 4555 I
2549 4495 2654 4574 49,
2686 4496 2799 4553 111
2837 4490 3162 4555 Milesium
3198 4491 3477 4575 Thalem,

795 4617 922 4701 qui,
974 4624 1047 4680 ut
1089 4617 1516 4701 obiurqatores
1559 4638 1702 4677 suos
1746 4611 2138 4676 convinceret
2180 4614 2647 4697 ostenderetque
2692 4612 2879 4675 etiam
2918 4606 3375 4695 philosophum,
3432 4614 3495 4675 si

791 4740 855 4805 ei
907 4738 1290 4801 commodum
1353 4744 1528 4814 esset,
1587 4734 1922 4818 pecuniam
1960 4735 2192 4819 facere
2238 4754 2444 4815 posse,
2511 4754 2749 4795 omnem
2810 4734 3030 4815 oleam,
3089 4742 3233 4797 ante
3296 4756 3487 4817 quam
