3785 5187
806 345 824 401 1
843 345 878 401 4
1968 343 2035 395 Ε.
2073 342 2353 396 HILLER

801 531 870 594 ἐκ
935 523 1192 594 τούτων·
1263 525 1339 594 τὰ
1403 525 1674 616 Κάρνεια
1739 534 1973 616 πρῶτος
2034 526 2269 596 πάντων
2332 530 2713 618 Τέρπανδρος
2776 539 2932 618 νικᾷ,
3005 527 3087 604 ὡς
3133 528 3497 604 εΕλλάνικος

805 652 1025 736 ἱστορεῖ
1069 650 1130 714 ἔν
1174 674 1240 713 τε
1282 651 1405 723 τοῖς
1453 651 1768 737 ἐμμέτροις
1813 649 2243 737 Καρνεονίκαις
2288 649 2402 719 κάν
2448 654 2571 726 τοῖς
2617 649 3063 738 καταλογάδην.
3148 654 3386 737 ἐγένετο
3433 653 3497 718 δὲ

747 795 755 802 ·
801 766 840 854 ἡ·
891 772 1054 844 θέσις
1099 777 1210 836 τῶν
1260 769 1568 858 Καρνείων
1614 767 1766 836 κατὰ
1812 768 1915 857 τῆν
1962 775 2135 857 ἕκτην
2182 773 2283 838 καὶ
2332 766 2601 859 εἰκοστὴν
2647 769 3025 858 ὀλυμπιάδα,
3078 769 3155 846 ὡς
3202 771 3498 866 Σωσίβιός

803 917 984 978 φησιν
1033 896 1094 957 ἐν
1139 898 1226 979 τῷ
1268 893 1404 979 περὶ
1449 891 1721 980 χρόνων;
1807 915 1935 976 qua
1981 894 2499 974 ratiocinatione,
2566 915 2954 978 quamquam
3012 915 3092 960 ne
3150 895 3297 978 ipsa
3356 897 3498 978 qui-

804 1013 951 1078 dem
997 1013 1060 1078 in
1104 1019 1286 1080 tanta
1327 1021 1689 1098 temporum
1733 1015 1989 1078 illorum
2035 1015 2420 1080 obscuritate
2452 1036 2567 1099 pro
2600 1015 2961 1080 certissima
2990 1015 3213 1080 haberi
3258 1023 3490 1099 potest,

805 1134 1029 1198 melior
1073 1141 1309 1211 tamen,
1360 1133 1485 1198 nisi
1530 1135 1943 1200 vehementer
1989 1135 2194 1216 fallor,
2249 1156 2458 1217 neque
2501 1135 2767 1200 inventa
2812 1143 2911 1200 est
2955 1156 3163 1219 neque
3208 1136 3499 1202 invenie-

751 1284 760 1292 -
805 1262 925 1319 tur.
1034 1255 1326 1338 Denique
1386 1255 1591 1336 addc,
1656 1255 1863 1321 eidem
1926 1255 2215 1339 scriptori
2273 1256 2637 1322 necessario
2696 1255 3039 1321 tribuenda
3098 1277 3245 1322 esse
3304 1260 3500 1323 verba

805 1395 948 1440 cum
993 1375 1354 1441 testimonio
1399 1376 1772 1460 Hieronymi
1818 1375 2156 1441 coniuncta
2208 1369 2278 1450 δς
2340 1373 2451 1442 ὑπὸ
2508 1373 2743 1442 πάντων
2798 1374 3132 1463 συμφώνως
3181 1381 3501 1465 ἱστορεῖται

807 1491 955 1580 μετὰ
997 1501 1104 1560 τοῦ
1140 1493 1364 1582 Ἰφίτου
1407 1501 1512 1561 τοῦ
1549 1494 1791 1562 Ἠλείου
1835 1493 1941 1582 τὴν
1998 1493 2239 1583 πρώτην
2288 1495 2733 1584 ἀριθμηθεῖσαν
2768 1503 2895 1561 ’τῶν
2933 1495 3269 1584 Ὀλυμπίων
3330 1501 3498 1564 θέσιν

809 1616 1142 1699 διαθεῖναι,
1208 1637 1336 1681 non
1379 1617 1505 1702 ipsi
1550 1618 1941 1700 Hieronymo
1987 1619 2088 1683 cui
2133 1618 2459 1702 adscripta
2518 1625 2666 1684 sunt
2724 1640 2765 1683 a
2808 1607 3211 1702 Westphalio
3264 1621 3490 1684 Gesch.

807 1739 921 1800 der
963 1739 1134 1800 alten
1179 1738 1397 1800 Musik
1449 1759 1514 1821 p.
1555 1743 1630 1802 67
1669 1759 1762 1820 sq.
1796 1761 1808 1816 3
1877 1739 2195 1821 pertinent
2256 1739 2425 1804 enim
2486 1739 2573 1804 ad
2626 1739 2803 1804 illius
2849 1741 3491 1824 argumentationem,

808 1878 936 1939 qua
981 1857 1454 1942 Terpandrum,
1523 1859 1688 1924 sicut
1733 1859 2027 1944 Sappho,
2094 1861 2489 1925 Anacreonte
2547 1860 2967 1942 antiquiorem
3013 1879 3158 1925 esse
3205 1881 3501 1944 compro-

807 1979 961 2043 bare
1008 1979 1242 2044 studet.

980 2221 1091 2285 VI.
1159 2221 1309 2285 Ath.
1357 2221 1520 2284 XIII
1574 2242 1638 2305 p.
1689 2226 1810 2285 557
1845 2222 1899 2284 E
1958 2217 2281 2306 φιλογύνης
2342 2218 2391 2285 δ’
2447 2213 2519 2306 ῆν
2579 2220 2682 2285 καὶ
2738 2217 3067 2306 Εὐριπίδης
3120 2218 3157 2285 ὃ
3215 2219 3493 2308 ποιητής.

811 2337 1172 2428 Ἱερώνυμος
1216 2346 1357 2426 γοῦν
1403 2343 1476 2405 ἐν
1535 2343 1974 2429 ἱστορικοῖς
2020 2317 2523 2427 ὖπομνῆμασί
2568 2366 2749 2428 φησιν
2796 2336 3017 2415 οὕτως·
3068 2338 3333 2416 εἰπόντος
3379 2343 3502 2406 Σο-

810 2464 1024 2549 φοκλεῖ
1080 2487 1238 2534 τινος
1291 2457 1382 2526 ὅτι
1427 2459 1745 2548 μισογύνης
1791 2461 1947 2527 ἐστὶν
1993 2459 2356 2549 Εὐριπίδης,
2434 2462 2527 2526 ιἔν
2586 2488 2655 2548 γε
2709 2465 2840 2535 ταῖς
2897 2463 3310 2550 τραγῳδίαις’,
3374 2463 3497 2550 ἔφη

808 2581 840 2649 ὃ
889 2585 1223 2672 Σοφοκλῆς,
1284 2583 1448 2649 (ἐπεὶ
1493 2582 1555 2647 ἔν
1600 2610 1667 2670 γε
1711 2587 1787 2671 τῇ
1832 2584 2005 2671 κλίνῃ
2052 2579 2423 2671 φιλογύνης’.
2861 2634 2865 2639 -

983 2706 1132 2770 Ath.
1169 2706 1330 2769 XIII
1375 2726 1417 2789 p
1480 2706 1682 2769 603E
1745 2707 2097 2791 φιλομεῖραξ
2143 2705 2208 2769 δὲ
2251 2697 2325 2789 ἦν
2370 2700 2772 2791 ὃΣοφοκλῆς,
2824 2700 2901 2777 ὡς
2949 2703 3276 2793 Εὐριπίδης
3323 2709 3503 2792 φιλο-

811 2822 1012 2912 γύνης.
1103 2826 1277 2891 Stob.
1331 2826 1384 2889 F
1387 2826 1552 2889 loril.
1589 2826 1678 2890 Vl
1711 2828 1790 2889 36
1839 2828 1906 2891 ἐκ
1950 2831 2066 2890 τῶν
2113 2822 2403 2912 Σερῆνου.
2482 2824 2617 2913 περὶ
2663 2822 2987 2912 Εὐριπίδου
3031 2850 3117 2898 τις
3162 2826 3364 2913 ἔλεγεν
3408 2822 3503 2890 ὅτι

815 2942 1133 3033 μισογύνης
1179 2944 1308 3032 εἴη·
1402 2945 1505 3010 καὶ
1549 2944 1580 3010 ὃ
1629 2946 1945 3032 Σοφοκλῆς
1997 2944 2171 3011 (ἀλλ’
2226 2944 2335 3012 οὐκ
2380 2946 2443 3011 ἔν
2488 2973 2557 3032 γε
2601 2951 2676 3032 τῇ
2722 2945 2921 3032 κλίνῃ’
2968 2946 3108 3033 ἔφη.
3178 2995 3197 3008 2

991 3190 1129 3255 VH.
1180 3188 1330 3254 Ath.
1365 3189 1526 3253 XIII
1571 3209 1634 3271 p.
1673 3190 1880 3253 604D
1945 3185 2441 3275 καὶ·Ἱερώνυμος
2488 3185 2542 3251 δ’
2598 3183 2912 3260 δ“Ρόδιος
2958 3192 3033 3253 ἐν
3078 3190 3242 3261 τοῖς
3292 3192 3503 3254 ἱστο-

817 3312 1060 3398 ρικοῖς
1137 3305 1637 3395 ὒπομνήμασί
1710 3335 1890 3396 φησιν
1957 3302 2051 3374 ότι
2118 3310 2431 3396 Σοφοκλῆς
2498 3306 2764 3395 εὐπρεπῆ
2830 3310 3021 3373 παῖδα
3087 3309 3198 3381 ἔξω
3265 3312 3504 3396 τείχους

815 3429 1090 3518 ἀπήγαγε
1146 3426 1518 3517 χρησόμενος
1580 3426 1774 3516 αὐτῷ,
1873 3426 1905 3495 ὃ
1964 3429 2069 3515 μὲν
2127 3423 2229 3495 οὐν
2288 3433 2429 3503 παῖς
2481 3427 2548 3493 τὸ
2607 3427 2757 3493 ἴδιον
2815 3424 3045 3514 ἱμάτιον
3091 3428 3189 3493 ἐπὶ
3248 3437 3321 3517 τῇ
3380 3426 3506 3516 πόᾳ

815 3552 1186 3639 ὑπέστρωσε,
1258 3547 1366 3636 τῆν
1437 3551 1501 3614 δὲ
1566 3555 1670 3615 τοῦ
1733 3551 2113 3638 Σοφοκλέους
2177 3552 2437 3637 χλανίδα
2490 3546 2931 3636 περιεβάλοντο.
3039 3547 3165 3635 μετ’
3234 3541 3336 3615 οὐν
3393 3548 3505 3637 τῆν

817 3672 1056 3760 ὁμιλίαν
1102 3669 1133 3737 ὃ
1179 3674 1318 3745 παῖς
1364 3667 1640 3758 ἁρπάσας
1682 3668 1748 3736 τὸ
1794 3678 1899 3737 τοῦ
1944 3673 2321 3759 Σοφοκλέους
2367 3672 2673 3757 χλανίδιον
2734 3664 2959 3758 ᾤχετο,
3027 3669 3371 3737 καταλιπων
3415 3679 3505 3759 τῷ

818 3797 1114 3882 Σοφοκλεῖ
1157 3789 1221 3857 τὸ
1268 3796 1486 3859 ἑαυτοῦ
1529 3788 1806 3857 παιδικὸν
1856 3789 2111 3879 ἱμάτιον.
2205 3790 2309 3855 οἷα
2370 3792 2435 3856 δὲ
2481 3788 2638 3864 εἰκὸς
2686 3792 3157 3877 διαλαληθέντος
3201 3798 3306 3857 τοῦ
3353 3818 3507 3877 συμ-

824 3914 1150 4004 βεβηκότος
1196 3910 1522 4000 Εὐριπίδης
1580 3912 1917 3999 πυθόμενος
1975 3913 2078 3977 καὶ
2138 3908 2529 3983 ἐπιτωθάζων
2586 3908 2652 3977 τὸ
2710 3910 2947 3999 γεγονὸς
2991 3911 3094 3977 καὶ
3142 3908 3318 3985 αὐτός
3360 3938 3507 3977 ποτε

819 4038 936 4124 ἔφη
982 4031 1172 4123 τούτῳ
1216 4036 1558 4121 κεχρῆσθαι
1600 4039 1686 4122 τῷ
1729 4034 1899 4099 παιδὶ
1947 4029 2103 4099 ἀλλὰ
2150 4033 2335 4118 μηδὲν
2378 4035 2752 4119 προσθεῖναι,
2803 4030 2901 4098 τὸν
2942 4033 3008 4097 δὲ
3041 4033 3357 4120 Σοφοκλέα
3403 4032 3509 4097 διὰ

817 4156 923 4245 τῆν
983 4156 1312 4223 ἀκολασίαν
1359 4157 1899 4242 καταφρονηθῆναι
1968 4155 2512 4241 (κατασοφισθῆναι
2556 4155 2672 4218 'vel
2730 4154 2938 4219 simile
2995 4154 3151 4237 quid
3194 4155 3324 4237 legi
3369 4155 3510 4219 vult

819 4279 1167 4363 Meineke).
1247 4277 1350 4342 καὶ
1395 4273 1426 4341 δ
1474 4277 1788 4363 Σοφοκλῆς
1834 4272 2097 4348 ἀκούσας
2143 4276 2417 4360 ἐποίησεν
2463 4276 2548 4347 εἰς
2596 4270 2770 4339 αὐτὸν
2815 4280 3081 4340 τοιοῦτον
3128 4274 3500 4361 ἐπίγραμμα,

819 4397 1196 4489 χρησάμενος
1240 4405 1325 4486 τῷ
1367 4396 1500 4485 περὶ
1544 4404 1650 4463 τοῦ
1693 4394 1868 4483 ἡλίου
1914 4396 2017 4461 καὶ
2080 4396 2290 4483 βορέου
2337 4390 2499 4480 λόγῳ
2544 4394 2646 4459 καὶ
2691 4392 2757 4459 τὸ
2801 4393 2946 4483 πρὸς
2995 4398 3271 4482 μοιχείαν
3318 4391 3507 4459 αὐτοῦ

819 4517 1342 4608 παραινιττόμενος
1361 4540 1374 4553 ·

1275 4650 1444 4744 ἥλιος
1488 4650 1583 4742 ῆν,
1639 4653 1709 4721 οὐ
1752 4658 1915 4738 παῖς,
1969 4650 2287 4741 Εὐριπίδη,
2337 4645 2404 4727 ὅς
2451 4680 2524 4739 με
2570 4655 2859 4740 χλιαίνων

1362 4756 1578 4849 γυμνὸν
1623 4759 1939 4845 ἐποίησεν·
1991 4759 2083 4824 σοὶ
2129 4758 2195 4823 δὲ
2241 4754 2517 4845 φιλοῦνθ’
2573 4759 2780 4844 ἑτέραν
